=LDR  02528ckm a2200469 i 4500
=001  020498790
=003  Uk
=005  20230726134330.0
=008  220225q18uu\\\\enknnn\\\\\\\\\\\\ineng\c
=040  \\$aUk$beng$cUk$erda$edcrmb
=041  \\$aeng
=245  00$aKing Charles 1st Porter.
=264  \1$a[Place of publication not identified] :$b[Publisher not identified],$c[18--].
=300  \\$a1 print :$billustrations (engraving) ;$c10 x 7 cm, trimmed
=336  \\$astill image$2rdacontent
=336  \\$atext$2rdacontent
=337  \\$aunmediated$2rdamedia
=338  \\$asheet$2rdacarrier
=520  \\$aLine engraving of a stone bas-relief over the entrance to Bull's Head Court in London, depicting two courtiers of King Charles I: William Evans, an enormous Welsh porter, at Whitehall Palace and Sir Geoffrey, or Jeffrey Hudson, the vain but gallant dwarf.
=562  \\$aThis copy has been cropped and deliberately mutilated to remove the image of Jeffrey Hudson to the right of William Evans. Additionally, any mention of Hudson as 'the Dwarf' has been removed from the title text.
=600  10$aHudson, Jeffrey,$d1619-1681.
=600  14$aEvans, Wiliam$dactive 1625-1636
=650  \0$aGrowth disorders$vEarly works to 1800.
=655  \7$aEphemera,$2rbgenr
=773  0\$tCollectanea: or, A collection of advertisements and paragraphs from the newspapers, relating to various subjects.$gC.103.k.11. Volume Ii. 6.$w(Uk)002296582
=852  41$aBritish Library$bHMNTS$jC.103.k.11.
=856  41$uhttp://access.bl.uk/item/viewer/ark:/81055/vdc_100022589216.0x000002#?cv=111
=985  \\$a600=new. William Evans. 1625-1636 (fl c). Prodigiously tall man; porter to King Charles I. Source: https://www.britishmuseum.org/collection/term/BIOG150616.
=CAT  \\$aKITHERAE$b40$c20220225$lBLL01$h1722
=CAT  \\$aKITHERAE$b40$c20220225$lBLL01$h1724
=CAT  \\$aKITHERAE$b40$c20220228$lBLL01$h0940
=CAT  \\$aKITHERAE$b40$c20220228$lBLL01$h0941
=CAT  \\$aKITHERAE$b40$c20220228$lBLL01$h0943
=CAT  \\$aKITHERAE$b40$c20220228$lBLL01$h1112
=CAT  \\$aKITHERAE$b40$c20220228$lBLL01$h1547
=CAT  \\$aKITHERAE$b40$c20220301$lBLL01$h1056
=CAT  \\$aKITHERAE$b40$c20220328$lBLL01$h0854
=CAT  \\$a8874$b40$c20230726$lBLL01$h1343
=FIN  \\$aY$d20220228
=FMT  \\$a  VM
=LAS  \\$a8874$b40$c20230726$lBLL01$h1343
=LKR  \\$aANA$b002296582$lBLL01$nCollectanea: or, A collection of advertisements and paragraphs from the newspapers, relating to various subjects.$mKing Charles 1st Porter.$r773

