=LDR  02074nkm a2200421 i 4500
=001  020499486
=003  Uk
=005  20220301111432.0
=008  220228s1733\\\\enknnn\\\\\\\\\\\\ineng\c
=040  \\$aUk$beng$cUk$erda$edcrmb
=041  \\$aeng$afre
=100  1\$aBoitard, Louis-Philippe,$dactive 1733-1770,$eartist.
=245  10$aMaximilian Christopher Miller.
=264  \1$a[London?] :$bSold by Sl.Lyne print seller at the Globe in Newgate Street,$c[1733?]
=300  \\$a1 print :$billustrations (line engraving with etching) ;$c34 x 22 cm (trimmed)
=336  \\$astill image$2rdacontent
=336  \\$atext$2rdacontent
=337  \\$aunmediated$2rdamedia
=338  \\$asheet$2rdacarrier
=500  \\$aLettering reads "Drawn from the life at London April 1733. Near eight foot high, his hand a foot, & his finger six inches long. Born at Leipsick in Saxony A.D. 1674." followed by a French translation of these words.
=600  10$aMiller, Maximilian Christopher,$d1674-1734.
=650  \0$aGrowth disorders$vEarly works to 1800.
=700  1\$aLyne, Samuel,$ebookseller.
=752  \\$aGreat Britain$bEngland$dLondon.
=773  0\$tCollectanea: or, A collection of advertisements and paragraphs from the newspapers, relating to various subjects.$gC.103.k.11. Volume Ii. 8.$w(Uk)002296582
=852  41$aBritish Library$bHMNTS$jC.103.k.11.
=856  41$uhttp://access.bl.uk/item/viewer/ark:/81055/vdc_100022589216.0x000002#?cv=121
=CAT  \\$aKITHERAE$b40$c20220228$lBLL01$h1104
=CAT  \\$aKITHERAE$b40$c20220228$lBLL01$h1105
=CAT  \\$aKITHERAE$b40$c20220228$lBLL01$h1114
=CAT  \\$aKITHERAE$b40$c20220228$lBLL01$h1139
=CAT  \\$aKITHERAE$b40$c20220228$lBLL01$h1548
=CAT  \\$aKITHERAE$b40$c20220301$lBLL01$h1112
=CAT  \\$aKITHERAE$b40$c20220301$lBLL01$h1114
=FIN  \\$aY$d20220228
=FMT  \\$a  VM
=LAS  \\$aKITHERAE$b40$c20220301$lBLL01$h1114
=LKR  \\$aANA$b002296582$lBLL01$nCollectanea: or, A collection of advertisements and paragraphs from the newspapers, relating to various subjects.$mMaximilian Christopher Miller.$r773

