=LDR  02487nkm a2200421 i 4500
=001  020499492
=003  Uk
=005  20220301111909.0
=008  220228s1751\\\\enknnn\\\\\\\\\\\\ineng\c
=040  \\$aUk$beng$cUk$erda$edcrmb
=245  00$aMr. Henry Blacker. :$bThe British giant, born near Cuckfield in Sussex 1724. Who is now to be seen opposite the Mouse Gate at Charing Cross. He is thought by all who have view'd him to be the tallest man ever exhibited in England, measuring 7 feet 4 inches, and exceeds the famous Mynheer Cajanus who was shewn with so much applause several years ago.
=264  \1$a[London] :$bPublish'd by H.Carpenter in Fleet Street,$c1751.
=300  \\$a1 print :$billustrations (line engraving) ;$c34 x 23 cm (trimmed)
=336  \\$astill image$2rdacontent
=336  \\$atext$2rdacontent
=337  \\$aunmediated$2rdamedia
=338  \\$asheet$2rdacarrier
=500  \\$aProduction line: "March 15, 1751, according to Act of Parliament".
=500  \\$aBritish Library copy has been partially coloured in blue and yellow.
=520  \\$aThe image depicts Henry Blacker during a visit to London when he was twenty-seven. During this period, we was visited several times by William, Duke of Cumberland, who was himself a tall man, and is represented in his engraving among the spectators.
=600  14$aBlacker, Henry$d1724-
=600  00$aWilliam Augustus,$cPrince, Duke of Cumberland,$d1721-1765.
=650  \0$aGrowth disorders$vEarly works to 1800.
=700  1\$aCarpenter, Henry,$epublisher.
=752  \\$aGreat Britain$bEngland$dLondon.
=773  0\$tCollectanea: or, A collection of advertisements and paragraphs from the newspapers, relating to various subjects.$gC.103.k.11. Volume Ii. 10.$w(Uk)002296582
=852  41$aBritish Library$bHMNTS$jC.103.k.11.
=856  41$uhttp://access.bl.uk/item/viewer/ark:/81055/vdc_100022589216.0x000002#?cv=113
=985  \\$a600=new. Henry Blacker. (1724-). Information drawn from item.
=CAT  \\$aKITHERAE$b40$c20220228$lBLL01$h1142
=CAT  \\$aKITHERAE$b40$c20220228$lBLL01$h1217
=CAT  \\$aKITHERAE$b40$c20220228$lBLL01$h1550
=CAT  \\$aKITHERAE$b40$c20220301$lBLL01$h1114
=CAT  \\$aKITHERAE$b40$c20220301$lBLL01$h1119
=FIN  \\$aY$d20220228
=FMT  \\$a  VM
=LAS  \\$aKITHERAE$b40$c20220301$lBLL01$h1119
=LKR  \\$aANA$b002296582$lBLL01$nCollectanea: or, A collection of advertisements and paragraphs from the newspapers, relating to various subjects.$mMr. Henry Blacker.$r773

