=LDR  02162ckm a2200397 i 4500
=001  020499502
=003  Uk
=005  20220328085548.0
=008  220228s1784\\\\stknnn\\\\\\\\\\\\ineng\c
=040  \\$aUk$beng$cUk$erda$edcrmb
=100  1\$aKay, John,$d1742-1826,$eartist.
=245  10$a[An etching of Charles Byrne, the "Irish Giant", George Cranstoun, a dwarf, and three other men or more ordinary stature.].
=264  \1$a[Edinburgh?] :$b[Publisher not identified],$c[1784]
=300  \\$a1 print :$billustrations (etching) ;$c11 x 7 cm (trimmed)
=336  \\$astill image$2rdacontent
=336  \\$atext$2rdacontent
=337  \\$aunmediated$2rdamedia
=338  \\$asheet$2rdacarrier
=500  \\$aIn bottom left corner, "K. 1784".
=600  14$aByrne, Charles$d1761-1783
=650  \0$aGrowth disorders$vEarly works to 1800.
=752  \\$aGreat Britain$bScotland$dEdinburgh.
=773  0\$tCollectanea: or, A collection of advertisements and paragraphs from the newspapers, relating to various subjects.$gC.103.k.11. Volume Ii. 13c.$w(Uk)002296582
=852  41$aBritish Library$bHMNTS$jC.103.k.11.
=856  41$uhttp://access.bl.uk/item/viewer/ark:/81055/vdc_100022589216.0x000002#?cv=49
=985  \\$a600=new. Charles Byrne (1761-1783). A man regarded as a curiosity in London in the 1780s due to his large stature. Byrne's exact height is of some conjecture, but skeletal evidence places him at just over 7 ft 7 in (2.31 m). Source: https://doi.org/10.3318/dib.001320.v1.
=CAT  \\$aKITHERAE$b40$c20220228$lBLL01$h1212
=CAT  \\$aKITHERAE$b40$c20220228$lBLL01$h1554
=CAT  \\$aKITHERAE$b40$c20220228$lBLL01$h1556
=CAT  \\$aKITHERAE$b40$c20220301$lBLL01$h1116
=CAT  \\$aKITHERAE$b40$c20220301$lBLL01$h1118
=CAT  \\$aKITHERAE$b40$c20220328$lBLL01$h0855
=FIN  \\$aY$d20220228
=FMT  \\$a  VM
=LAS  \\$aKITHERAE$b40$c20220328$lBLL01$h0855
=LKR  \\$aANA$b002296582$lBLL01$nCollectanea: or, A collection of advertisements and paragraphs from the newspapers, relating to various subjects.$m[An etching of Charles Byrne, the "Irish Giant", George Cranstoun, a dwarf, and three other men or more ordinary stature.].$r773

