=LDR  03013ckm a2200493 i 4500
=001  020499511
=003  Uk
=005  20220328085611.0
=008  220228s1785\\\\enknnn|||||||\|||\ineng\\
=040  \\$aUk$beng$cUk$erda$edcrmb
=100  1\$aRowlandson, Thomas,$d1756-1827,$eartist.
=245  14$aThe surprizing Irish Giant of St. James's Street.
=264  \1$aLondon :$bPublis'd March 27. 1785. by T. Smith No. 6 Wardour Street Soho,$c[1785]
=300  \\$a1 print :$billustrations (etching) ;$c23 x 31 cm (trimmed)
=336  \\$astill image$2rdacontent
=336  \\$atext$2rdacontent
=337  \\$aunmediated$2rdamedia
=338  \\$asheet$2rdacarrier
=500  \\$aLettered with title, text within image and publication line.
=510  4\$aCatalogue of prints and drawings in the British Museum. Division I. Political and personal satires. (IV volumes. Printed by Order of the Trustees, 1870),$cvolume VI, number 1938
=520  \\$aThe giant, good-looking and slim, his legs disproportionately long, stands in a room surrounded by admiring spectators. He rests his right hand on the head of a foppish young man in regimentals. An elderly officer (left) stands on a chair inspecting him through a spy-glass. A young man in riding-dress holds out one enormously thick leg, his other leg being thin. A fat lady (right) clutches the giant's coat. A fat parson gazes up at him and a dog fawns on his right leg. A buxom courtesan enters through a door on the left. On the wall is a placard: 'The Surprising Irish Collossus. King of the Giants Measuring Eight Feet Five (?) Inches . . . Noble Order of St Patrick'.
=600  10$aCotter, Patrick,$d1759 or 1760-1806.
=650  \0$aGrowth disorders$vEarly works to 1800.
=655  \7$aEphemera.$2rbgenr
=752  \\$aGreat Britain$bEngland$dLondon.
=773  0\$tCollectanea: or, A collection of advertisements and paragraphs from the newspapers, relating to various subjects.$gC.103.k.11. Volume Ii. 13d.$w(Uk)002296582
=852  41$aBritish Library$bHMNTS$jC.103.k.11.
=856  41$uhttp://access.bl.uk/item/viewer/ark:/81055/vdc_100022589216.0x000002#?cv=96
=CAT  \\$aKITHERAE$b40$c20220228$lBLL01$h1249
=CAT  \\$aBATCH-UPD$b40$c20220228$lBLL01$h1250
=CAT  \\$aKITHERAE$b40$c20220228$lBLL01$h1555
=CAT  \\$aKITHERAE$b40$c20220228$lBLL01$h1556
=CAT  \\$a14185$b40$c20220228$lBLL01$h1756
=CAT  \\$a14185$b40$c20220228$lBLL01$h1800
=CAT  \\$a14185$b40$c20220228$lBLL01$h1804
=CAT  \\$a14185$b40$c20220228$lBLL01$h1813
=CAT  \\$a14185$b40$c20220228$lBLL01$h1817
=CAT  \\$a14185$b40$c20220228$lBLL01$h1818
=CAT  \\$aKITHERAE$b40$c20220301$lBLL01$h1120
=CAT  \\$aKITHERAE$b40$c20220328$lBLL01$h0856
=FIN  \\$aY$d20220228
=FMT  \\$a  VM
=LAS  \\$aKITHERAE$b40$c20220328$lBLL01$h0856
=LKR  \\$aANA$b002296582$lBLL01$r773$mThe surprizing Irish Giant of St. James's Street.$nCollectanea: or, A collection of advertisements and paragraphs from the newspapers, relating to various subjects.

