=LDR  01839cam a2200349 i 4500
=001  020499516
=003  Uk
=005  20220328085647.0
=008  220228s1783\\\\enk\\\\\\\\\\\000\0\eng\c
=040  \\$aUk$beng$cUk$erda$edcrmb
=245  00$aIrish giant. Bristol, July 19, 1783. :$bBy permission of the right worshipful the Mayor. Just arrived from Ireland, and to be seen at Mr. Shenstone's, the Full Moon, in Stoke's Croft. Patrick O'Brien, of that Kindgom, a lineal descendant of that old and puissant King, Brian Boreau, who has in his person and appearance, all the similitude of that grand and great potentate.
=264  \1$a[Bristol] :$b[Publisher not identified],$c[1783]
=300  \\$a1 sheet ;$c15 x 11 cm (1/4°)
=336  \\$atext$2rdacontent
=337  \\$aunmediated$2rdamedia
=338  \\$asheet$2rdacarrier
=510  4\$aESTC,$cT37389
=600  10$aCotter, Patrick,$d1759 or 1760-1806.
=650  \0$aGrowth disorders$vEarly works to 1800.
=655  \7$aAdvertisements.$2rbgenr
=752  \\$aGreat Britain$bEngland$dBristol.
=773  0\$tCollectanea: or, A collection of advertisements and paragraphs from the newspapers, relating to various subjects.$gC.103.k.11. Volume Ii. 14$w(Uk)002296582
=852  41$aBritish Library$bHMNTS$jC.103.k.11.
=856  41$uhttp://access.bl.uk/item/viewer/ark:/81055/vdc_100022589216.0x000002#?cv=22
=CAT  \\$aKITHERAE$b40$c20220228$lBLL01$h1300
=CAT  \\$aKITHERAE$b40$c20220228$lBLL01$h1556
=CAT  \\$aKITHERAE$b40$c20220301$lBLL01$h1118
=CAT  \\$aKITHERAE$b40$c20220328$lBLL01$h0856
=FIN  \\$aY$d20220228
=FMT  \\$a  BK
=LAS  \\$aKITHERAE$b40$c20220328$lBLL01$h0856
=LKR  \\$aANA$b002296582$lBLL01$r773$mIrish giant. Bristol, July 19, 1783.$nCollectanea: or, A collection of advertisements and paragraphs from the newspapers, relating to various subjects.

