=LDR  01966cam a2200361 i 4500
=001  020500160
=003  Uk
=005  20220328085732.0
=008  220301s1810\\\\enk\\\\\\\\\\\000\0\eng\c
=040  \\$aUk$beng$cUk$erda$edcrmb
=245  00$aGigantic youth. :$bTo be seen at no.50, Piccadilly, from 10 in the morning till 7 in the evening that most wonderful and surprising Yorkshire Youth, 7 feet, 8 inches high, weighs upwards of 26 stone, [...]
=264  \1$aLondon :$bBarfoot & Birkett; printers, 27 Norton Folgate,$c[1810?]
=300  \\$a1 sheet ;$c16 x 15 cm (1/4°)
=336  \\$atext$2rdacontent
=337  \\$aunmediated$2rdamedia
=338  \\$asheet$2rdacarrier
=600  14$aBradley, William$d1787-1820
=650  \0$aGrowth disorders$zEarly works to 1800.
=655  \0$aAdvertisements.$2rbgenr
=700  1\$aBarfoot, Joseph,$dactive 1801-1812,$eprinter.
=752  \\$aGreat Britain$bEngland$dLondon.
=773  0\$tCollectanea: or, A collection of advertisements and paragraphs from the newspapers, relating to various subjects.$gC.103.k.11. Volume Ii. 17$w(Uk)002296582
=852  41$aBritish Library$bHMNTS$jC.103.k.11.
=856  41$uhttp://access.bl.uk/item/viewer/ark:/81055/vdc_100022589216.0x000002#?cv=16
=985  \\$a600="new". William Bradley (1787-1820). known more commonly as Giant Bradley or the Yorkshire Giant, is one of the tallest recorded British men that ever lived, measuring 7 feet 9 inches (2.36 m). Source: https://en.wikipedia.org/wiki/William_Bradley_(giant).
=CAT  \\$aKITHERAE$b40$c20220301$lBLL01$h1137
=CAT  \\$aKITHERAE$b40$c20220301$lBLL01$h1138
=CAT  \\$aBATCH-UPD$b40$c20220301$lBLL01$h1138
=CAT  \\$aKITHERAE$b40$c20220328$lBLL01$h0857
=FIN  \\$aY$d20220301
=FMT  \\$a  BK
=LAS  \\$aKITHERAE$b40$c20220328$lBLL01$h0857
=LKR  \\$aANA$b002296582$lBLL01$r773$mGigantic youth.$nCollectanea: or, A collection of advertisements and paragraphs from the newspapers, relating to various subjects.

