=LDR  02134ckm a2200409 i 4500
=001  020505421
=003  Uk
=005  20220328085844.0
=008  220302s1810\\\\enknnn\\\\\\\\\\\\ineng\c
=040  \\$aUk$beng$cUk$erda$edcrmb
=100  1\$aWilliams, Charles,$dactive 1797-1830,$eprintmaker.
=245  10$aWm Bradley, born at Market Wheaton, east riding of Yorkshire aged eighteen years and a half.
=264  \1$a[London] :$bPubd Decr 1810 by S W Fores 50 Piccadilly,$c1810.
=300  \\$a1 print :$billustrations (etching, hand-coloured) ;$c36 x 24 cm (trimmed)
=336  \\$astill image$2rdacontent
=336  \\$atext$2rdacontent
=337  \\$aunmediated$2rdamedia
=338  \\$asheet$2rdacarrier
=500  \\$aLettered with title, text below image and publication line.
=500  \\$aYear on publication line corrected from 1800 to 1810.
=520  \\$aThe 'Yorkshire giant' William Bradley standing in a room with a normal sized man standing beside him, along the bottom a scale of four feet.
=600  14$aBradley, William,$d1787-1820.
=650  \0$aGrowth disorders$vEarly works to 1800.
=655  \7$aEphemera.$2rbgenr
=700  1\$aFores, S. W.,$epublisher.
=700  1\$aFores, S. W.,$epublisher.
=752  \\$aGreat Britain$bEngland$dLondon.
=773  0\$tCollectanea: or, A collection of advertisements and paragraphs from the newspapers, relating to various subjects.$gC.103.k.11. Volume Ii. 18$w(Uk)002296582
=852  41$aBritish Library$bHMNTS$jC.103.k.11.
=856  41$uhttp://access.bl.uk/item/viewer/ark:/81055/vdc_100022589216.0x000002#?cv=125
=985  \\$a600=new. William Bradley (1787-1820). Source: https://en.wikipedia.org/wiki/William_Bradley_(giant).
=CAT  \\$aKITHERAE$b40$c20220302$lBLL01$h1008
=CAT  \\$aKITHERAE$b40$c20220328$lBLL01$h0858
=FIN  \\$aY$d20220302
=FMT  \\$a  VM
=LAS  \\$aKITHERAE$b40$c20220328$lBLL01$h0858
=LKR  \\$aANA$b002296582$lBLL01$r773$mWm Bradley, born at Market Wheaton, east riding of Yorkshire aged eighteen years and a half.$nCollectanea: or, A collection of advertisements and paragraphs from the newspapers, relating to various subjects.

