=LDR  01928cam a2200361 i 4500
=001  020505425
=003  Uk
=005  20220328090136.0
=008  220302s1817\\\\enk\\\\\\\\\\\000\0\eng\c
=040  \\$aUk$beng$cUk$erda$edcrmb
=245  04$aThe greatest wonder in the world!! :$bJust arrived, and to be seen, in a commodious room, near the market, Eastgate-Street, Mrs. Cook, the wonderful giantess, the tallest and largest woman in the three United Kingdoms.
=264  \1$aGloucester :$bW.Price, Printer, Black Friars, Southgate-Street,$c[1817]
=300  \\$a1 sheet ;$c23 x 16 cm (1/4°)
=336  \\$atext$2rdacontent
=337  \\$aunmediated$2rdamedia
=338  \\$avolume$2rdacarrier
=500  \\$aIncludes woodcut royal coat of arms at top.
=500  \\$a"Admittance, Ladies and Gentlemen, 1s. - Servants and children, 6d. each".
=562  \\$aIncludes manuscript note indicating that this was acquired by Lysons at Barton Fair, 1817.
=650  \0$aGrowth disorders$vEarly works to 1800.
=655  \7$aAdvertisements.$2rbgenr
=700  1\$aPrice, W,$d-1827,$eprinter.
=752  \\$aGreat Britain$bEngland$dGloucester.
=773  0\$tCollectanea: or, A collection of advertisements and paragraphs from the newspapers, relating to various subjects.$gC.103.k.11. Volume Ii. 19$w(Uk)002296582
=852  41$aBritish Library$bHMNTS$jC.103.k.11.
=856  41$uhttp://access.bl.uk/item/viewer/ark:/81055/vdc_100022589216.0x000002#?cv=5
=985  \\$a700=new. W Price, printer. Source: http://bbti.bodleian.ox.ac.uk/details/?traderid=55875.
=CAT  \\$aKITHERAE$b40$c20220302$lBLL01$h1033
=CAT  \\$aKITHERAE$b40$c20220328$lBLL01$h0901
=FIN  \\$aY$d20220302
=FMT  \\$a  BK
=LAS  \\$aKITHERAE$b40$c20220328$lBLL01$h0901
=LKR  \\$aANA$b002296582$lBLL01$r773$mThe greatest wonder in the world!!$nCollectanea: or, A collection of advertisements and paragraphs from the newspapers, relating to various subjects.

