=LDR  02151cam a2200373 i 4500
=001  020505430
=003  Uk
=005  20220328090217.0
=008  220302s1820\\\\enk\\\\\\\\\\\000\0\eng\c
=040  \\$aUk$beng$cUk$erda$edcrmb
=245  00$aNow exhibiting in this town, for a short time only, that most extraordinary young lady, the Nottinghamshire Giantess. :$bAcknowledged by every beholder to be the greatest natural curiosity ever exhibited in Europe.
=264  \1$aHull :$bJ.Hutchinson, Printer, Silver-Street,$c[1820]
=300  \\$a1 sheet ;$c23 x 9 cm (1/4°)
=336  \\$atext$2rdacontent
=337  \\$aunmediated$2rdamedia
=338  \\$asheet$2rdacarrier
=500  \\$a"Admittance. - Ladies and Gentlemen, 1s. - Tradesmen, 6d - working people and children, 3d. each.".
=562  \\$aManuscript note suggests this advertisment was acquired by Lysons at Bingham Fair, 1820.
=600  14$aFlower, Frances,$d1800-1825.
=650  \0$aGrowth disorders$vEarly works to 1800.
=655  \7$aAdvertisements.$2rbgenr
=700  1\$aHutchinson, John$d-1842,$eprinter.
=752  \\$aGreat Britain$bEngland$dHull.
=773  0\$tCollectanea: or, A collection of advertisements and paragraphs from the newspapers, relating to various subjects.$gC.103.k.11. Volume Ii. 20$w(Uk)002296582
=852  41$aBritish Library$bHMNTS$jC.103.k.11.
=856  41$uhttp://access.bl.uk/item/viewer/ark:/81055/vdc_100022589216.0x000002#?cv=104
=985  \\$a700=new. John Hutchinson, (-1842) printer. Source: http://bbti.bodleian.ox.ac.uk/details/?traderid=36460.
=985  \\$a600=new. Frances Flower (1800-1825). Nottinghamshire Giantess. Source: https://georgianera.wordpress.com/tag/john-coan/.
=CAT  \\$aKITHERAE$b40$c20220302$lBLL01$h1055
=CAT  \\$aKITHERAE$b40$c20220328$lBLL01$h0902
=FIN  \\$aY$d20220302
=FMT  \\$a  BK
=LAS  \\$aKITHERAE$b40$c20220328$lBLL01$h0902
=LKR  \\$aANA$b002296582$lBLL01$r773$mNow exhibiting in this town, for a short time only, that most extraordinary young lady, the Nottinghamshire Giantess.$nCollectanea: or, A collection of advertisements and paragraphs from the newspapers, relating to various subjects.

