=LDR  02061cam a2200421 a 4500
=001  020505448
=003  Uk
=005  20220328090725.0
=008  220302s1803\\\\enk\\\\\\\\\\\000\0\eng\\
=040  \\$aUk$beng$cUk$erda$edcrmb
=100  1\$aGranger, William,$dactive 1802,$ecompiler.
=245  10$aRemarkable instances of extraordinary growth.
=264  \1$a[London] :$b[Hogg and Co.],$c[1803]
=300  \\$a1 sheet (2 unnumbered pages) ;$c17 cm (1/8°)
=336  \\$atext$2rdacontent
=337  \\$aunmediated$2rdamedia
=338  \\$asheet$2rdacarrier
=500  \\$aTitle taken from caption title of page 747.
=580  \\$aA single leaf excerpt from The new wonderful museum and extraordinary magazine, volume 2 (1803). Single leaf only. Signed 5C2. Pages 747-748.
=650  \0$aGrowth disorders.
=655  \7$aClippings.$2rbgenr
=752  \\$aGreat Britain$bEngland$dLondon.
=773  0\$tCollectanea: or, A collection of advertisements and paragraphs from the newspapers, relating to various subjects.$gC.103.k.11. Volume Ii. 21$w(Uk)002296593
=787  0\$tNew wonderful museum and extraordinary magazine$w(Uk)002296582
=852  41$aBritish Library$bHMNTS$jC.103.k.11.
=856  41$uhttp://access.bl.uk/item/viewer/ark:/81055/vdc_100022589216.0x000002#?cv=110
=CAT  \\$aKITHERAE$b40$c20220302$lBLL01$h1140
=CAT  \\$aKITHERAE$b40$c20220302$lBLL01$h1141
=CAT  \\$aKITHERAE$b40$c20220302$lBLL01$h1240
=CAT  \\$aKITHERAE$b40$c20220302$lBLL01$h1242
=CAT  \\$a14185$b40$c20220302$lBLL01$h1337
=CAT  \\$aKITHERAE$b40$c20220311$lBLL01$h1151
=CAT  \\$aKITHERAE$b40$c20220328$lBLL01$h0907
=FIN  \\$aY$d20220302
=FMT  \\$a  BK
=LAS  \\$aKITHERAE$b40$c20220328$lBLL01$h0907
=LKR  \\$aANA$b002296582$lBLL01$r773$mRemarkable instances of extraordinary growth.$nCollectanea: or, A collection of advertisements and paragraphs from the newspapers, relating to various subjects.
=LKR  \\$aPAR$b001486977$lBLL01$r787$mRemarkable instances of extraordinary growth.$nNew wonderful museum and extraordinary magazine

