=LDR  02179ckm a2200397 i 4500
=001  020505462
=003  Uk
=005  20220328091032.0
=008  220302s1780\\\\enknnn\\\\\\\\\\\\ineng\c
=040  \\$aUk$beng$cUk$erda$edcmrb
=100  1\$aRigg, Mary Anne,$eprintmaker.
=245  10$aMrs. Everitt and her son - The gigantic infant. :$bBorn 7th Feby 1779 at Enfield Paper Mills, Middlesex.
=264  \1$aLondon :$bPublish'd as the Act directs, 21 Jany 1780, by M.A.Rigg, no.116 near Hatton Street, Holborn,$c1780.
=300  \\$a1 print :$billustrations (etching, stipple) ;$c27 x 18 cm (trimmed)
=336  \\$astill image$2rdacontent
=336  \\$atext$2rdacontent
=337  \\$aunmediated$2rdamedia
=338  \\$asheet$2rdacarrier
=500  \\$aLettered below the image with title, text and publication line.
=520  \\$aPortrait of the large infant Thomas Hills Everett, seated to right naked on his mother's lap, holding an apple in his right hand; she is seated to left on a chair, looking down, cradling him in her apron.
=600  10$aEverett, Thomas Hills,$d1779-1780.
=650  \0$aGrowth disorders$vEarly works to 1800.
=655  \7$aEphemera.$2rbgenr
=752  \\$aGreat Britain$bEngland$dLondon.
=773  0\$tMrs. Everitt and her son - The gigantic infant.$gC.103.k.11. Volume Ii. 28$w(Uk)002296582
=852  41$aBritish Library$bHMNTS$jC.103.k.11.
=856  41$uhttp://access.bl.uk/item/viewer/ark:/81055/vdc_100022589216.0x000002#?cv=110
=985  \\$a100=new. Mary Anne Rigg (Scott). Active 1780-. Printmaker. Source:https://www.britishmuseum.org/collection/term/BIOG45726
=985  \\$a600=new. Thomas Hills Everett. 1779-1780. Gigantic Child. https://www.britishmuseum.org/collection/term/BIOG171212
=CAT  \\$aKITHERAE$b40$c20220302$lBLL01$h1254
=CAT  \\$aKITHERAE$b40$c20220302$lBLL01$h1303
=CAT  \\$aKITHERAE$b40$c20220328$lBLL01$h0910
=FIN  \\$aY$d20220302
=FMT  \\$a  VM
=LAS  \\$aKITHERAE$b40$c20220328$lBLL01$h0910
=LKR  \\$aANA$b002296582$lBLL01$r773$mMrs. Everitt and her son - The gigantic infant.$nCollectanea: or, A collection of advertisements and paragraphs from the newspapers, relating to various subjects.

