=LDR  01785cam a2200361 i 4500
=001  020505464
=003  Uk
=005  20220328091100.0
=008  220302s1780\\\\enk\\\\\\\\\\\000\0\eng\c
=040  \\$aUk$beng$cUk$erda$edcrmb
=245  00$aTo all admirers of the uncommon productions of nature. The gigantic child, :$bborn February 7, 1779, at Enfield, in Middlesex, [...]
=264  \1$aLondon :$b[Publisher not identified],$c[1780]
=300  \\$a1 sheet ;$c16 x 13 cm (1/4°)
=336  \\$atext$2rdacontent
=337  \\$aunmediated$2rdamedia
=338  \\$avolume$2rdacarrier
=500  \\$aOn exhibit at Mr. Owen's, confectioner, 66 Cornhill.
=510  4\$aESTC,$cT51047
=600  14$aEverett, Thomas Hills,$d1797-1780.
=650  \0$aGrowth disorders$vEarly works to 1800.
=655  \7$aAdvertisements.$2rbgenr
=752  \\$aGreat Britain$bEngland$dLondon.
=773  0\$tCollectanea: or, A collection of advertisements and paragraphs from the newspapers, relating to various subjects.$gC.103.k.11. Volume Ii. 29$w(Uk)002296582
=852  41$aBritish Library$bHMNTS$jC.103.k.11.
=856  41$uhttp://access.bl.uk/item/viewer/ark:/81055/vdc_100022589216.0x000002#?cv=0
=985  \\$a600=new. Thomas Hills Everett. 1779-1780. Gigantic Child. Source: https://www.britishmuseum.org/collection/term/BIOG171212
=CAT  \\$aKITHERAE$b40$c20220302$lBLL01$h1308
=CAT  \\$aKITHERAE$b40$c20220302$lBLL01$h1443
=CAT  \\$aKITHERAE$b40$c20220328$lBLL01$h0911
=FIN  \\$aY$d20220302
=FMT  \\$a  BK
=LAS  \\$aKITHERAE$b40$c20220328$lBLL01$h0911
=LKR  \\$aANA$b002296582$lBLL01$r773$mTo all admirers of the uncommon productions of nature. The gigantic child,$nCollectanea: or, A collection of advertisements and paragraphs from the newspapers, relating to various subjects.

