=LDR  01926ckm a2200373 i 4500
=001  020505509
=003  Uk
=005  20220328091138.0
=008  220302s1806\\\\enknnn\\\\\\\\\\\\ineng\c
=040  \\$aUk$beng$cUk$erda$edcrmb
=100  1\$aWilliams, Charles,$dactive 1797-1830,$cprintmaker.
=245  10$aMr Lambert in miniature. :$bOr Master Wybrants the modern Hercules, [...]
=264  \1$a[London] :$bPubsh Oct 6th 1806 by S.W.Fores No.50 Piccadilly,$c[1806]
=300  \\$a1 print :$billustrations (etching, hand coloured) ;$c35 x 25 cm (trimmed)
=336  \\$astill image$2rdacontent
=336  \\$atext$2rdacontent
=337  \\$aunmediated$2rdamedia
=338  \\$asheet$2rdacarrier
=500  \\$aLettered with title, text below image and publication line.
=510  4\$aBritish Museum, Catalogue of political and personal satires,$cvolume 3, page 475, number 10634.
=520  \\$aA woman holds on her knee an infant whose dimensions and weight would far exceed those suggested in the lettered inscription. His robe is folded back to display enormous legs.
=650  \0$aGrowth disorders$vEarly works to 1800.
=655  \7$aEphemera.$2rbgenr
=700  1\$aFores, S. W.,$epublisher.
=752  \\$aGreat Britain$bEngland$dLondon.
=773  0\$tCollectanea: or, A collection of advertisements and paragraphs from the newspapers, relating to various subjects.$gC.103.k.11. Volume Ii. 30$w(Uk)002296582
=852  41$aBritish Library$bHMNTS$jC.103.k.11.
=856  41$uhttp://access.bl.uk/item/viewer/ark:/81055/vdc_100022589216.0x000002#?cv=81
=CAT  \\$aKITHERAE$b40$c20220302$lBLL01$h1506
=CAT  \\$aKITHERAE$b40$c20220328$lBLL01$h0911
=FIN  \\$aY$d20220302
=FMT  \\$a  VM
=LAS  \\$aKITHERAE$b40$c20220328$lBLL01$h0911
=LKR  \\$aANA$b002296582$lBLL01$r773$mMr Lambert in miniature.$nCollectanea: or, A collection of advertisements and paragraphs from the newspapers, relating to various subjects.

