=LDR  01527cam a2200325 i 4500
=001  020505513
=003  Uk
=005  20220328091215.0
=008  220302s1806\\\\enk\\\\\\\\\\\000\0\eng\c
=040  \\$aUk$beng$cUk$erda$edcrmb
=245  00$aMr. Lambert in miniature. :$bTo be seen, at the corner of Sackville Street, Piccadilly, the largest child in Europe.
=264  \1$a[London] :$bH. Reynell, Printer, 21, Piccadilly,$c[1806]
=300  \\$a1 sheet ;$c10 x 15 cm (1/4°)
=336  \\$atext$2rdacontent
=337  \\$aunmediated$2rdamedia
=338  \\$asheet$2rdacarrier
=500  \\$a"Sees company from eleven to five - admittance, one shilling.".
=650  \0$aGrowth disorders$vEarly works to 1800.
=655  \7$aAdvertisements.$2rbgenr
=700  1\$aReynell, H.$q(Henry),$d-1811,$eprinter.
=752  \\$aGreat Britain$bEngland$dLondon.
=773  0\$tCollectanea: or, A collection of advertisements and paragraphs from the newspapers, relating to various subjects.$gC.103.k.11. Volume Ii. 31a$w(Uk)002296582
=852  41$aBritish Library$bHMNTS$jC.103.k.11.
=856  41$uhttp://access.bl.uk/item/viewer/ark:/81055/vdc_100022589216.0x000002#?cv=11
=CAT  \\$aKITHERAE$b40$c20220302$lBLL01$h1522
=CAT  \\$aKITHERAE$b40$c20220328$lBLL01$h0912
=FIN  \\$aY$d20220302
=FMT  \\$a  BK
=LAS  \\$aKITHERAE$b40$c20220328$lBLL01$h0912
=LKR  \\$aANA$b002296582$lBLL01$r773$mMr. Lambert in miniature.$nCollectanea: or, A collection of advertisements and paragraphs from the newspapers, relating to various subjects.

