=LDR  01542cam a2200337 i 4500
=001  020505529
=003  Uk
=005  20220328091253.0
=008  220302q1810\\\\enk\\\\\\\\\\\000\0\eng\c
=040  \\$aUk$beng$cUk$erda$edcrmb
=245  00$aTo the nobility and public in general. Just arrived, the child of nature!
=264  \1$a[London] :$b[Publisher not identified],$c[circa 1810]
=300  \\$a1 sheet ;$c10 x 15 cm (1/4°)
=336  \\$atext$2rdacontent
=337  \\$aunmediated$2rdamedia
=338  \\$asheet$2rdacarrier
=500  \\$a"Admittance 1s. each.".
=562  \\$aManuscript addition identifies the child as being Sarah Hardy.
=650  \0$aGrowth disorders
=655  \7$aAdvertisements.$2rbgenr
=752  \\$aGreat Britain$bEngland$dLondon.
=773  0\$tCollectanea: or, A collection of advertisements and paragraphs from the newspapers, relating to various subjects.$gC.103.k.11. Volume Ii. 31b$w(Uk)002296582
=852  41$aBritish Library$bHMNTS$jC.103.k.11.
=856  41$uhttp://access.bl.uk/item/viewer/ark:/81055/vdc_100022589216.0x000002#?cv=11
=CAT  \\$aKITHERAE$b40$c20220302$lBLL01$h1630
=CAT  \\$aKITHERAE$b40$c20220303$lBLL01$h0931
=CAT  \\$aKITHERAE$b40$c20220328$lBLL01$h0912
=FIN  \\$aY$d20220303
=FMT  \\$a  BK
=LAS  \\$aKITHERAE$b40$c20220328$lBLL01$h0912
=LKR  \\$aANA$b002296582$lBLL01$r773$mTo the nobility and public in general. Just arrived, the child of nature!$nCollectanea: or, A collection of advertisements and paragraphs from the newspapers, relating to various subjects.

