=LDR  01507cam a2200313 i 4500
=001  020505694
=003  Uk
=005  20220328091346.0
=008  220303s\\\\\\\\enk\\\\\\\\\\\000\0\eng\c
=040  \\$aUk$beng$cUk$erda$edcrmb
=245  04$aThe Manchester wonderful and astonishing large infant child. :$bTo be seen in a large and commodious room, (and his mother will shew him.)
=264  \1$a[London?] :$b[Publisher not identified],$c[1809?]
=300  \\$a1 sheet ;$c17 x 10 cm (1/4°)
=336  \\$atext$2rdacontent
=337  \\$aunmediated$2rdamedia
=338  \\$asheet$2rdacarrier
=500  \\$a"Admittance:-Ladies & Gentlemen, 1s. - Servants & working people 6d.".
=650  \0$aGrowth disorders.
=655  \7$aAdvertisements.$2rbgenr
=752  \\$aGreat Britain$bEngland$dLondon.
=773  0\$tCollectanea: or, A collection of advertisements and paragraphs from the newspapers, relating to various subjects.$gC.103.k.11. Volume Ii. 31c$w(Uk)002296582
=852  41$aBritish Library$bHMNTS$jC.103.k.11.
=856  41$uhttp://access.bl.uk/item/viewer/ark:/81055/vdc_100022589216.0x000002#?cv=11
=CAT  \\$aKITHERAE$b40$c20220303$lBLL01$h0943
=CAT  \\$aKITHERAE$b40$c20220328$lBLL01$h0913
=FIN  \\$aY$d20220303
=FMT  \\$a  BK
=LAS  \\$aKITHERAE$b40$c20220328$lBLL01$h0913
=LKR  \\$aANA$b002296582$lBLL01$r773$mThe Manchester wonderful and astonishing large infant child.$nCollectanea: or, A collection of advertisements and paragraphs from the newspapers, relating to various subjects.

