=LDR  01780cam a2200349 i 4500
=001  020505696
=003  Uk
=005  20220328091432.0
=008  220303s1823\\\\enk\\\\\\\\\\\000\0\eng\c
=040  \\$aUk$beng$cUk$erda$edcrmb
=245  00$aAlso to be seen, the celebrated Miss Jones, the welch infant giantess.
=264  \1$aTrowbridge :$bJ. Clark, Printer,$c[1823?]
=300  \\$a1 sheet ;$c9 x 12 cm (1/4°)
=336  \\$atext$2rdacontent
=337  \\$aunmediated$2rdamedia
=338  \\$asheet$2rdacarrier
=500  \\$a"Admittance - Ladies and gentlemen 6f. - Working people and children 3d.".
=562  \\$aManuscript note by Daniel Lysons reads, "Travelling about the country in Feb.1823". Date derived from this addition.
=650  \0$aGrowth disorders.
=655  \7$aAdvertisements.$2rbgenr
=700  1\$aClark, James$dactive 1822-1823,$eprinter.
=752  \\$aGreat Britain$bEngland$dTrowbridge.
=773  0\$tCollectanea: or, A collection of advertisements and paragraphs from the newspapers, relating to various subjects.$gC.103.k.11. Volume Ii. 31d$w(Uk)002296582
=852  41$aBritish Library$bHMNTS$jC.103.k.11.
=856  41$uhttp://access.bl.uk/item/viewer/ark:/81055/vdc_100022589216.0x000002#?cv=11
=985  \\$a700=new. James Clark. Printer in Trowbridge, active 1822-1823. Source: http://bbti.bodleian.ox.ac.uk/details/?traderid=13913
=CAT  \\$aKITHERAE$b40$c20220303$lBLL01$h0953
=CAT  \\$aKITHERAE$b40$c20220328$lBLL01$h0914
=FIN  \\$aY$d20220303
=FMT  \\$a  BK
=LAS  \\$aKITHERAE$b40$c20220328$lBLL01$h0914
=LKR  \\$aANA$b002296582$lBLL01$r773$mAlso to be seen, the celebrated Miss Jones, the welch infant giantess.$nCollectanea: or, A collection of advertisements and paragraphs from the newspapers, relating to various subjects.

