=LDR  01539cam a22003377i 4500
=001  020505744
=003  Uk
=005  20220328091458.0
=008  220303s\\\\\\\\enka\\\\\b\\\|0|1\0|eng\\
=040  \\$aUk$beng$cUk$erda
=245  00$aExhibition. :$bMr. Daniel Lambert, (of Leicester) the heaviest man that ever lived!
=264  \1$a[London] :$bPrinted by J. Nichols, Earl's-Conrt, Newport-Street, Soho,$c[1806]
=300  \\$a1 sheet ;$c15 x 9 cm (1/4°)
=336  \\$atext$2rdacontent
=337  \\$aunmediated$2rdamedia
=338  \\$asheet$2rdacarrier
=600  10$aLambert, Daniel,$d1770-1809.
=650  \0$aGrowth disorders.
=655  \7$aAdvertisements.$2rbgenr
=700  1\$aNichols, John$d-1809,$eprinter.
=752  \\$aGreat Britain$bEngland$dLondon.
=773  0\$tCollectanea: or, A collection of advertisements and paragraphs from the newspapers, relating to various subjects.$gC.103.k.11. Volume Ii. 32$w(Uk)002296582
=852  41$aBritish Library$bHMNTS$jC.103.k.11.
=856  41$uhttp://access.bl.uk/item/viewer/ark:/81055/vdc_100022589216.0x000002#?cv=116
=985  \\$a700=new. John Nichols (-1809). Source: http://bbti.bodleian.ox.ac.uk/details/?traderid=50305
=CAT  \\$aKITHERAE$b40$c20220303$lBLL01$h1353
=CAT  \\$aKITHERAE$b40$c20220328$lBLL01$h0914
=FIN  \\$aY$d20220303
=FMT  \\$a  BK
=LAS  \\$aKITHERAE$b40$c20220328$lBLL01$h0914
=LKR  \\$aANA$b002296582$lBLL01$r773$mExhibition.$nCollectanea: or, A collection of advertisements and paragraphs from the newspapers, relating to various subjects.

