=LDR  02230ckm a2200397 i 4500
=001  020505762
=003  Uk
=005  20220328091537.0
=008  220303s1806\\\\enknnn\\\\\\\\\\\\ineng\c
=040  \\$aUk$beng$cUk$erda$edcrmb
=245  00$aMr. Daniel Lambert, :$bThirty-six years of age, weighs upwards of fifty stone, (14 lbs to the stone,) or seven hundred and one pounds, measures three yards four inches round the body, and one yard one inch round the leg, is five feet eleven inches in height, and has no blemish whatever on any part of his body.
=264  \1$aLondon :$bPrinted and published, April 22, 1806, by John Fairburn, 146, Minories, London,$c1806.
=300  \\$a1 print :$betching, hand-coloured, letterpress;$cplatemark 18 x 27 cm, on sheet 41 x 28 cm.
=336  \\$astill image$2rdacontent
=336  \\$atext$2rdacontent
=337  \\$aunmediated$2rdamedia
=338  \\$asheet$2rdacarrier
=500  \\$aLettered with title, text below image and publication.
=500  \\$a[Price sixpence plain, or one shilling coloured.].
=520  \\$aPortrait of Daniel Lambert seated facing front, wearing striped waistcoat, breeches and jacket; his hat and his left hand resting on a table at right, with text below.
=562  \\$aMinor imperfections affecting text.
=600  10$aLambert, Daniel,$d1770-1809.
=650  \0$aObesity
=655  \7$aBroadsides.$2rbgenr
=700  1\$aFairburn, John,$d1768 or 1769-1832,$eprinter,$epublisher.
=752  \\$aGreat Britain$bEngland$dLondon.
=773  0\$tCollectanea: or, A collection of advertisements and paragraphs from the newspapers, relating to various subjects.$gC.103.k.11. Volume Ii.33$w(Uk)002296582
=852  41$aBritish Library$bHMNTS$jC.103.k.11.
=856  41$uhttp://access.bl.uk/item/viewer/ark:/81055/vdc_100022589216.0x000002#?cv=86
=CAT  \\$aKITHERAE$b40$c20220303$lBLL01$h1436
=CAT  \\$aKITHERAE$b40$c20220303$lBLL01$h1436
=CAT  \\$aKITHERAE$b40$c20220328$lBLL01$h0915
=FIN  \\$aY$d20220303
=FMT  \\$a  VM
=LAS  \\$aKITHERAE$b40$c20220328$lBLL01$h0915
=LKR  \\$aANA$b002296582$lBLL01$r773$mMr. Daniel Lambert,$nCollectanea: or, A collection of advertisements and paragraphs from the newspapers, relating to various subjects.

