=LDR  01398ckm a2200325 i 4500
=001  020505800
=003  Uk
=005  20230726134346.0
=008  220303q18001810enknnn\\\\\\\\\\\\ineng\c
=040  \\$aUk$beng$cUk$erda$edcrmb
=245  01$a[Portrait of Daniel Lambert].
=264  \1$a[Place of publication not identified] :$b[Publisher not identified],$c[circa 1800]
=300  \\$a1 print :$c41 x 35 cm (trimmed)
=336  \\$astill image$2rdacontent
=337  \\$aunmediated$2rdamedia
=338  \\$asheet$2rdacarrier
=600  10$aLambert, Daniel,$d1770-1809.
=650  \0$aObesity
=655  \7$aEphemera.$2rbgenr
=773  0\$tCollectanea: or, A collection of advertisements and paragraphs from the newspapers, relating to various subjects.$gC.103.k.11. Volume Ii, 34$w(Uk)002296582
=852  41$aBritish Library$bHMNTS$jC.103.k.11.
=856  41$uhttp://access.bl.uk/item/viewer/ark:/81055/vdc_100022589216.0x000002#?cv=44
=CAT  \\$aKITHERAE$b40$c20220303$lBLL01$h1557
=CAT  \\$aKITHERAE$b40$c20220310$lBLL01$h1003
=CAT  \\$aKITHERAE$b40$c20220328$lBLL01$h0916
=CAT  \\$a8874$b40$c20230726$lBLL01$h1343
=FIN  \\$aY$d20220310
=FMT  \\$a  VM
=LAS  \\$a8874$b40$c20230726$lBLL01$h1343
=LKR  \\$aANA$b002296582$lBLL01$r773$m[Portrait of Daniel Lambert].$nCollectanea: or, A collection of advertisements and paragraphs from the newspapers, relating to various subjects.

