=LDR  02322ckm a2200397 i 4500
=001  020512910
=003  Uk
=005  20220328091833.0
=008  220310s1806\\\\enknnn\\\\\\\\\\\\ineng\c
=040  \\$aUk$beng$cUk$erda$edcrmb
=245  00$aFairburn's accurate portraits of the two most corpulent Englishmen ever known, with a comparative account of their extraordinary persons and manners.
=250  \\$aSecond edition.
=264  \1$a[London] :$bPrinted and published, May 27, 1806, by John Fairburn, 146, Minories, London,$c[1806]
=300  \\$a1 print :$bline engraving with etching, hand coloured;$c18 x 17 cm, 18 x 27 cm (platemarks) 36 x 45 cm (sheet)
=336  \\$astill image$2rdacontent
=336  \\$atext$2rdacontent
=337  \\$aunmediated$2rdamedia
=338  \\$asheet$2rdacarrier
=500  \\$aLettering includes title at top and continues with extensive printed information on both of the sitters. Imprint below.
=520  \\$aTwo separate portraits of Daniel Lambert sat in an armchair with a hat on a table and Edward Bright stood besides a painting of seven men bound together in one of his waistcoats. Both prints are captioned with descriptive text in letterpress below.
=600  10$aLambert, Daniel,$d1770-1809.
=600  10$aBright, Edward,$d1721-1750.
=650  \0$aObesity
=655  \7$aBroadsides.$2rbgenr
=700  1\$aFairburn, John,$d1768 or 1769-1832,$eprinter,$epublisher.
=752  \\$aGreat Britain$bEngland$dLondon.
=773  0\$tCollectanea: or, A collection of advertisements and paragraphs from the newspapers, relating to various subjects.$gC.103.k.11. Volume Ii. 35$w(Uk)002296582
=852  41$aBritish Library$bHMNTS$jC.103.k.11.
=856  41$uhttp://access.bl.uk/item/viewer/ark:/81055/vdc_100022589216.0x000002#?cv=58
=CAT  \\$aKITHERAE$b40$c20220310$lBLL01$h1120
=CAT  \\$aKITHERAE$b40$c20220310$lBLL01$h1127
=CAT  \\$aKITHERAE$b40$c20220328$lBLL01$h0918
=FIN  \\$aY$d20220310
=FMT  \\$a  VM
=LAS  \\$aKITHERAE$b40$c20220328$lBLL01$h0918
=LKR  \\$aANA$b002296582$lBLL01$r773$mFairburn's accurate portraits of the two most corpulent Englishmen ever known, with a comparative account of their extraordinary persons and manners.$nCollectanea: or, A collection of advertisements and paragraphs from the newspapers, relating to various subjects.

