=LDR  01666ckm a2200337 i 4500
=001  020512935
=003  Uk
=005  20230726134415.0
=008  220310s1809\\\\enknnn\\\\\\\\\\\\ineng\c
=040  \\$aUk$beng$cUk$erda$edcrmb
=245  00$aDaniel Lambert, of enormous size, late of Piccadilly.$bAged 36 years, and weights more than 700 pounds; circumference of his body 2 yards 4 inches; his leg 1 yard 1 inch; and his height 5 feet 11 inches.
=264  \1$a[Place of publication not identified] :$b[publisher not identified],$c[1809?]
=300  \\$a1 print :$bwoodcut ;$c11 x 12 cm
=336  \\$astill image$2rdacontent
=336  \\$atext$2rdacontent
=337  \\$aunmediated$2rdamedia
=338  \\$asheet$2rdacarrier
=500  \\$aLettering above the image.
=562  \\$aPasted on a page alongside a newspaper clipping reporting the death of Daniel Lambert.
=600  10$aLambert, Daniel,$d1770-1809.
=650  \0$aObesity
=655  \7$aEphemera.$2rbgenr
=773  0\$tCollectanea: or, A collection of advertisements and paragraphs from the newspapers, relating to various subjects.$gC.103.k.11. Volume Ii, 36$w(Uk)002296605
=852  41$aBritish Library$bHMNTS$j8827.b.34.
=856  41$uhttp://access.bl.uk/item/viewer/ark:/81055/vdc_100022589216.0x000002#?cv=78
=CAT  \\$aKITHERAE$b40$c20220310$lBLL01$h1146
=CAT  \\$a8874$b40$c20230726$lBLL01$h1344
=FIN  \\$aY$d20220310
=FMT  \\$a  VM
=LAS  \\$a8874$b40$c20230726$lBLL01$h1344
=LKR  \\$aANA$b002296605$lBLL01$r773$mDaniel Lambert, of enormous size, late of Piccadilly.$nCollectanea: or, A collection of advertisements and paragraphs from the newspapers, relating to various subjects.

