=LDR  02080ckm a2200361 i 4500
=001  020512946
=003  Uk
=005  20230726134047.0
=008  220310q1688\\\\enknnn\\\\\\\\\\\\ineng\c
=040  \\$aUk$beng$cUk$erda$edcrmb
=245  00$aJohn Woremberg a Switzar his height two foot seven inches.$bAged 38 years to be seen now in London 1688.
=264  \1$a[Place of publication not identified] :$b[Publisher not identified],$c[1688?]
=300  \\$a1 print :$betching ;$c12 x 7 cm (trimmed)
=336  \\$astill image$2rdacontent
=337  \\$aunmediated$2rdamedia
=338  \\$asheet$2rdacarrier
=500  \\$aAnonymous artist.
=500  \\$aLettered below portrait with the title, continuing with information about the sitter over three lines.
=520  \\$aPortrait of John (or Hans) Wormbergh, a Swiss dwarf exhibited in England 1688.
=562  \\$aPasted on a page alongside two manuscript notes. The first note describes another print of John Woremberg entitled "The [true] portraiture of John Wormbergh," which the compiler was unable to obtain. The second note is a citation from page 500 of Bulwer's Anthropometamorphosis, which provides instruction on how to 'make dwarfs'.
=600  10$aWormbergh, Hans,$d1650-1695.
=650  \0$aGrowth disorders$vEarly works to 1800.
=655  \7$aEphemera.$2rbgenr
=773  0\$tCollectanea: or, A collection of advertisements and paragraphs from the newspapers, relating to various subjects.$gC.103.k.11. Volume Ii. 36$w(Uk)002296606
=852  41$aBritish Library$bHMNTS$j8827.b.35.
=856  41$uhttp://access.bl.uk/item/viewer/ark:/81055/vdc_100022589216.0x000002#?cv=78
=CAT  \\$aKITHERAE$b40$c20220310$lBLL01$h1209
=CAT  \\$aKITHERAE$b40$c20220310$lBLL01$h1216
=CAT  \\$a8874$b40$c20230726$lBLL01$h1340
=FIN  \\$aY$d20220310
=FMT  \\$a  VM
=LAS  \\$a8874$b40$c20230726$lBLL01$h1340
=LKR  \\$aANA$b002296606$lBLL01$r773$mJohn Woremberg a Switzar his height two foot seven inches.$nCollectanea: or, A collection of advertisements and paragraphs from the newspapers, relating to various subjects.

