=LDR  01862ckm a2200313 i 4500
=001  020512952
=003  Uk
=005  20220328091924.0
=008  220310q174u\\\\enknnn\\\\\\\\\\\\ineng\c
=040  \\$aUk$beng$cUk$erda$edcrmb
=245  04$aThe wonderful and surprising English dwarf two foot eight enches high born at Salisbury in 1709. :$bHas been shewn to the royal family and most of the nobility & gentry of Great Britain.
=264  \1$a[England] :$b[Publisher not identified],$c[circa 1740?]
=300  \\$a1 print :$betching ;$c22.5 x 17.5 cm (trimmed)
=336  \\$astill image$2rdacontent
=336  \\$atext$2rdacontent
=337  \\$aunmediated$2rdamedia
=338  \\$asheet$2rdacarrier
=520  \\$aPrint shows a woman of short stature standing full length with a flower in her hand. In the background, open ground surrounded by trees, and a building used for exhibition. Above the door is a painting of her, and a man outside announces her presence by blowing a trumpet. A rococo cartouche surrounds the figure.
=650  \0$aGrowth disorders$vEarly works to 1800.
=655  \7$aEphemera.$2rbgenr
=773  0\$tCollectanea: or, A collection of advertisements and paragraphs from the newspapers, relating to various subjects.$gC.103.k.11. Volume Ii. 37$w(Uk)002296582
=852  41$aBritish Library$bHMNTS$jC.103.k.11.
=856  41$uhttp://access.bl.uk/item/viewer/ark:/81055/vdc_100022589216.0x000002#?cv=1
=CAT  \\$aKITHERAE$b40$c20220310$lBLL01$h1227
=CAT  \\$aKITHERAE$b40$c20220328$lBLL01$h0919
=FIN  \\$aY$d20220310
=FMT  \\$a  VM
=LAS  \\$aKITHERAE$b40$c20220328$lBLL01$h0919
=LKR  \\$aANA$b002296582$lBLL01$r773$mThe wonderful and surprising English dwarf two foot eight enches high born at Salisbury in 1709.$nCollectanea: or, A collection of advertisements and paragraphs from the newspapers, relating to various subjects.

