=LDR  01815ckm a22003137i 4500
=001  020512956
=003  Uk
=005  20220328091953.0
=008  220310q174u\\\\enknnn\\\\\\\\\\\\ineng\c
=040  \\$aUk$beng$cUk$erda$edcrmb
=245  04$aThe wonderful strong and surprizing Persian dwarf 3 foot 6 inches high. :$bBorn in Persia, is fifty six years old, speak's eighteen languages, sings italian, dances to admiration and with the ropes ty'd to his hair when put over his shoulder lifts the great stone A.
=264  \1$a[England] :$b[Publisher not identified]$c[circa 1740?]
=300  \\$a1 print :$betching ;$c23 x 18 cm (trimmed)
=336  \\$astill image$2rdacontent
=336  \\$atext$2rdacontent
=337  \\$aunmediated$2rdamedia
=338  \\$asheet$2rdacarrier
=520  \\$aPortrait of a man of short stature, wearing Persian attrire and holding ropes attached to his hair. In the background is a barn, with two men watching from a distance, and a large cut stone with the letter 'A' on it.
=650  \0$aGrowth disorders$vEarly works to 1800
=655  \7$aEphemera.$2rbgenr
=773  0\$tCollectanea: or, A collection of advertisements and paragraphs from the newspapers, relating to various subjects.$gC.103.k.11. Volume Ii. 38$w(Uk)002296582
=852  41$aBritish Library$bHMNTS$jC.103.k.11.
=856  41$uhttp://access.bl.uk/item/viewer/ark:/81055/vdc_100022589216.0x000002#?cv=10
=CAT  \\$aKITHERAE$b40$c20220310$lBLL01$h1240
=CAT  \\$aKITHERAE$b40$c20220328$lBLL01$h0919
=FIN  \\$aY$d20220310
=FMT  \\$a  VM
=LAS  \\$aKITHERAE$b40$c20220328$lBLL01$h0919
=LKR  \\$aANA$b002296582$lBLL01$r773$mThe wonderful strong and surprizing Persian dwarf 3 foot 6 inches high.$nCollectanea: or, A collection of advertisements and paragraphs from the newspapers, relating to various subjects.

