=LDR  01634ckm a2200313 i 4500
=001  020512984
=003  Uk
=005  20220328092014.0
=008  220310q1759\\\\gw\nnn\\\\\\\\\\\\inger\c
=040  \\$aUk$beng$cUk$erda$edcrmb
=245  00$aKatharina Helena Stöberin gebohren zu Nurnberg 9ten Janu: 1759. 2 schuh 6 zoll hoch.
=264  \1$a[Germany?] :$b[Publisher not identified],$c[circa 1759?]
=300  \\$a1 print :$betching ;$c21 x 14 cm (trimmed)
=336  \\$astill image$2rdacontent
=336  \\$atext$2rdacontent
=337  \\$aunmediated$2rdamedia
=338  \\$asheet$2rdacarrier
=520  \\$aPortrait of a Katharina Helena Stöberin, a young woman of short stature, holding a hand fan and stood by a chair, in side profile. Drapes and a table with vase and flowers is in the foreground.
=650  \0$aGrowth disorders$vEarly works to 1800.
=655  \7$aEphemera.$2rbgenr
=773  0\$tCollectanea: or, A collection of advertisements and paragraphs from the newspapers, relating to various subjects.$gC.103.k.11. Volume Ii. 38d$w(Uk)002296582
=852  41$aBritish Library$bHMNTS$jC.103.k.11.
=856  41$uhttp://access.bl.uk/item/viewer/ark:/81055/vdc_100022589216.0x000002#?cv=117
=CAT  \\$aKITHERAE$b40$c20220310$lBLL01$h1359
=CAT  \\$aKITHERAE$b40$c20220328$lBLL01$h0920
=FIN  \\$aY$d20220310
=FMT  \\$a  VM
=LAS  \\$aKITHERAE$b40$c20220328$lBLL01$h0920
=LKR  \\$aANA$b002296582$lBLL01$r773$mKatharina Helena Stöberin gebohren zu Nurnberg 9ten Janu: 1759. 2 schuh 6 zoll hoch.$nCollectanea: or, A collection of advertisements and paragraphs from the newspapers, relating to various subjects.

