=LDR  01971cam a2200397 i 4500
=001  020512998
=003  Uk
=005  20220328092716.0
=008  220310s1780\\\\enka\\\\\\\\\\000\0\eng\c
=040  \\$aUk$beng$cUk$erda$edcrmb
=100  10$aBono, Peter,$eauthor.
=245  14$aThe surprizing dwarf, three feet and a few inches high, fifty years and two months old, [...]
=264  \1$a[London] :$b[Publisher not identified],$c[1780]
=300  \\$a1 sheet :$billustrations (woodcut) ;$c21 x 14 cm (1/4°)
=336  \\$atext$2rdacontent
=337  \\$aunmediated$2rdamedia
=338  \\$asheet$2rdacarrier
=500  \\$aA keepsake from Peter Bono, the surprizing dwarf.
=500  \\$aSigned at end: Peter Bono.
=500  \\$a"Price a half-penny to working people, to gentlemen what they please."
=500  \\$aWoodcut depicts Peter Bono, a man of short stature, in full length wearing a plumed hat and cloak. Sword in right hand, raised above his head.
=510  4\$aESTC,$cT48971.
=650  \0$aGrowth disorders$vEarly works to 1800.
=655  \7$aKeepsakes.$2rbgenr
=752  \\$aGreat Britain$bEngland$dLondon.
=773  0\$tCollectanea: or, A collection of advertisements and paragraphs from the newspapers, relating to various subjects.$gC.103.k.11. Volume Ii. 39$w(Uk)002296582
=852  41$aBritish Library$bHMNTS$jC.103.k.11.
=856  41$uhttp://access.bl.uk/item/viewer/ark:/81055/vdc_100022589216.0x000002#?cv=24
=CAT  \\$aKITHERAE$b40$c20220310$lBLL01$h1417
=CAT  \\$aBATCH-UPD$b40$c20220310$lBLL01$h1418
=CAT  \\$aKITHERAE$b40$c20220328$lBLL01$h0921
=CAT  \\$aKITHERAE$b40$c20220328$lBLL01$h0927
=FIN  \\$aY$d20220310
=FMT  \\$a  BK
=LAS  \\$aKITHERAE$b40$c20220328$lBLL01$h0927
=LKR  \\$aANA$b002296582$lBLL01$r773$mThe surprizing dwarf, three feet and a few inches high, fifty years and two months old,$nCollectanea: or, A collection of advertisements and paragraphs from the newspapers, relating to various subjects.

