=LDR  02071ckm a2200349 i 4500
=001  020513039
=003  Uk
=005  20220328092906.0
=008  220310s1764\\\\fr\nnn\\\\\\\\\\\\infre\c
=040  \\$aUk$beng$cUk$erda$edcrmb
=245  00$aMausolée de Bébé , nain du Roi de Pologne, Duc de Lorraine, élevé dans l'église des RR. PP. minimes à Lunéville, réduit à la 8e partie de sa grandeur.
=264  \1$aA Paris :$bChez Danisy, rue St. Jacques,$c[1764?]
=300  \\$a1 print :$betching ;$c34 x 22.5 cm (1/2°)
=336  \\$astill image$2rdacontent
=336  \\$atext$2rdacontent
=337  \\$aunmediated$2rdamedia
=338  \\$asheet$2rdacarrier
=520  \\$aPrint depicts the ornamental mauseoleum of Nicolas Ferry, with a Latin dedication and likeness of Ferry in the centre. Surrounded by lettering.
=600  10$aFerry, Nicolas,$d1741-1764.
=650  \0$aGrowth disorders$vEarly works to 1800.
=700  1\$aDanisy, Jean Baptiste,$dactive 1758-1765,$epublisher.
=752  \\$aFrance$dParis.
=773  0\$tCollectanea: or, A collection of advertisements and paragraphs from the newspapers, relating to various subjects.$gC.103.k.11. Volume Ii. 41$w(Uk)002296582
=852  41$aBritish Library$bHMNTS$jC.103.k.11.
=856  41$uhttp://access.bl.uk/item/viewer/ark:/81055/vdc_100022589216.0x000002#?cv=87
=985  \\$a700=new. Jean Baptiste Danisy (active 1758-1765). Print publisher, Paris, France. Sources: https://www.britishmuseum.org/collection/term/BIOG181050. https://data.bnf.fr/fr/17867191/jean-baptiste_danisy/
=CAT  \\$aKITHERAE$b40$c20220310$lBLL01$h1556
=CAT  \\$aKITHERAE$b40$c20220328$lBLL01$h0929
=FIN  \\$aY$d20220310
=FMT  \\$a  VM
=LAS  \\$aKITHERAE$b40$c20220328$lBLL01$h0929
=LKR  \\$aANA$b002296582$lBLL01$r773$mMausolée de Bébé , nain du Roi de Pologne, Duc de Lorraine, élevé dans l'église des RR. PP. minimes à Lunéville, réduit à la 8e partie de sa grandeur.$nCollectanea: or, A collection of advertisements and paragraphs from the newspapers, relating to various subjects.

