=LDR  02110cam a22003737i 4500
=001  020513044
=003  Uk
=005  20220328092957.0
=008  220310s\\\\\\\\enka\\\\\b\\\|0|1\0|eng\\
=040  \\$aUk$beng$cUk$erda$edcrmb
=245  05$aThat astonishing phenomenon, Sieur Boruwlaski, the celebrated man in miniature, (whose age is 48 years, and his height three feet three inches,) respectfully acquaints the gentry and public in general, that he will recieve company at his apartments, no.163, near the new church, Strand.
=264  \1$a[London?] :$b[Publisher not identified],$c[1787]
=300  \\$a1 sheet ;$c12 x 18 cm (1/8°)
=336  \\$atext$2rdacontent
=337  \\$aunmediated$2rdamedia
=338  \\$avolume$2rdacarrier
=500  \\$aIncludes ornamental type border.
=500  \\$aDate derived from manuscript note.
=510  4\$aESTC,$cT50015.
=520  \\$aHandbill for an appearance of Boruwlaski in London.
=600  10$aBorusławski, Józef,$d1739-1837.
=650  \0$aGrowth disorders$vEarly works to 1800.
=655  \7$aHandbills.$2rbgenr
=752  \\$aGreat Britain$bEngland$dLondon.
=773  0\$tCollectanea: or, A collection of advertisements and paragraphs from the newspapers, relating to various subjects.$gC.103.k.11. Volume Ii. 42$w(Uk)002296613
=852  41$aBritish Library$bHMNTS$j8827.b.39.
=856  41$uhttp://access.bl.uk/item/viewer/ark:/81055/vdc_100022589216.0x000002#?cv=39
=CAT  \\$aKITHERAE$b40$c20220310$lBLL01$h1615
=CAT  \\$aKITHERAE$b40$c20220310$lBLL01$h1616
=CAT  \\$aKITHERAE$b40$c20220328$lBLL01$h0929
=FIN  \\$aY$d20220310
=FMT  \\$a  BK
=LAS  \\$aKITHERAE$b40$c20220328$lBLL01$h0929
=LKR  \\$aANA$b002296613$lBLL01$r773$mThat astonishing phenomenon, Sieur Boruwlaski, the celebrated man in miniature, (whose age is 48 years, and his height three feet three inches,) respectfully acquaints the gentry and public in general, that he will recieve company at his apartments, no.163, near the new church, Strand.$nCollectanea: or, A collection of advertisements and paragraphs from the newspapers, relating to various subjects.

