=LDR  01541cam a2200337 i 4500
=001  020513049
=003  Uk
=005  20220328093059.0
=008  220310s1790\\\\enk\\\\\\\\\\\000\0\eng\c
=040  \\$aUk$beng$cUk$erda$edcrmb
=245  00$aMr. Boruwlaski, the Polish gentleman, aged 52 years, only 3 feet 3 inches high.
=264  \1$aCheltenham :$bPrinted by S. Harward,$c[1790]
=300  \\$a1 sheet ;$c14 x 11.5 cm (1/4⁰)
=336  \\$atext$2rdacontent
=337  \\$aunmediated$2rdamedia
=338  \\$asheet$2rdacarrier
=500  \\$a"Admittance to see him 1s. each person.".
=510  4\$aESTC,$cT41504.
=600  10$aBorusławski, Józef,$d1739-1837.
=650  \0$aGrowth disorders$vEarly works to 1800.
=655  \7$aAdvertisements.$2rbgenr
=752  \\$aGreat Britain$bEngland$dCheltenham.
=773  0\$tCollectanea: or, A collection of advertisements and paragraphs from the newspapers, relating to various subjects.$gC.103.k.11. Volume Ii. 44$w(Uk)002296614
=852  41$aBritish Library$bHMNTS$j12629.f.9.
=856  41$uhttp://access.bl.uk/item/viewer/ark:/81055/vdc_100022589216.0x000002#?cv=84
=CAT  \\$aKITHERAE$b40$c20220310$lBLL01$h1627
=CAT  \\$aKITHERAE$b40$c20220328$lBLL01$h0930
=FIN  \\$aY$d20220310
=FMT  \\$a  BK
=LAS  \\$aKITHERAE$b40$c20220328$lBLL01$h0930
=LKR  \\$aANA$b002296614$lBLL01$r773$mMr. Boruwlaski, the Polish gentleman, aged 52 years, only 3 feet 3 inches high.$nCollectanea: or, A collection of advertisements and paragraphs from the newspapers, relating to various subjects.

