=LDR  01467cam a2200337 i 4500
=001  020513056
=003  Uk
=005  20220328100411.0
=008  220310s1790\\\\enk\\\\\\\\\\\000\0\eng\c
=040  \\$aUk$beng$cUk$erda$edcrmb
=245  00$aSieur Boruwlaski, the celebrated Polish Liliputian, [...]
=264  \1$aBristol :$b[Publisher not identified],$c1790.
=300  \\$a1 sheet ;$c13 x 11 cm (1/4⁰)
=336  \\$atext$2rdacontent
=337  \\$aunmediated$2rdamedia
=338  \\$asheet$2rdacarrier
=500  \\$aDated: March 1, 1790.
=510  4\$aESTC,$cT48269
=600  10$aBorusławski, Józef,$d1739-1837.
=650  \0$aGrowth disorders$vEarly works to 1800.
=655  \7$aAdvertisements.$2rbgenr
=752  \\$aGreat Britain$bEngland$dBristol.
=773  0\$tCollectanea: or, A collection of advertisements and paragraphs from the newspapers, relating to various subjects.$gC.103.k.11. Volume Ii. 45$w(Uk)002296582
=852  41$aBritish Library$bHMNTS$jC.103.k.11.
=856  41$uhttp://access.bl.uk/item/viewer/ark:/81055/vdc_100022589216.0x000002#?cv=68
=CAT  \\$aKITHERAE$b40$c20220310$lBLL01$h1641
=CAT  \\$aKITHERAE$b40$c20220328$lBLL01$h1004
=FIN  \\$aY$d20220310
=FMT  \\$a  BK
=LAS  \\$aKITHERAE$b40$c20220328$lBLL01$h1004
=LKR  \\$aANA$b002296582$lBLL01$r773$mSieur Boruwlaski, the celebrated Polish Liliputian,$nCollectanea: or, A collection of advertisements and paragraphs from the newspapers, relating to various subjects.

