=LDR  01985cam a2200325 i 4500
=001  020513061
=003  Uk
=005  20220328100512.0
=008  220310s1784\\\\enk\\\\\\\\\\\000\0\eng\c
=040  \\$aUk$beng$cUk$erda$edcrmb
=245  00$aTo the nobility, gentry, and all who are admirers of the extraordinary productions of nature. Just arrived in this town, and to be seen by any number of persons, in a commodious caravan, during the fair. From eleven in the morning, till eight in the evening, the surprizing dwarf, [...]
=264  \1$a[Bristol] :$b[Publisher not identified],$c[1784]
=300  \\$a1 sheet ;$c10 x 12 cm (1/4°)
=336  \\$atext$2rdacontent
=337  \\$aunmediated$2rdamedia
=338  \\$asheet$2rdacarrier
=500  \\$aDate derived from manuscript note by Daniel Lysons which suggests this item was acquired and used at the Bristol Fair, 1784.
=510  4\$aESTC,$cT51308
=650  \0$aGrowth disorders$vEarly works to 1800.
=655  \7$aAdvertisements.$2rbgenr
=752  \\$aGreat Britain$bEngland$dBristol.
=773  0\$tCollectanea: or, A collection of advertisements and paragraphs from the newspapers, relating to various subjects.$gC.103.k.11. Volume Ii. 48$w(Uk)002296582
=852  41$aBritish Library$bHMNTS$jC.103.k.11.
=856  41$uhttp://access.bl.uk/item/viewer/ark:/81055/vdc_100022589216.0x000002#?cv=89
=CAT  \\$aKITHERAE$b40$c20220310$lBLL01$h1653
=CAT  \\$aKITHERAE$b40$c20220328$lBLL01$h1005
=FIN  \\$aY$d20220310
=FMT  \\$a  BK
=LAS  \\$aKITHERAE$b40$c20220328$lBLL01$h1005
=LKR  \\$aANA$b002296582$lBLL01$r773$mTo the nobility, gentry, and all who are admirers of the extraordinary productions of nature. Just arrived in this town, and to be seen by any number of persons, in a commodious caravan, during the fair. From eleven in the morning, till eight in the evening, the surprizing dwarf, [...]$nCollectanea: or, A collection of advertisements and paragraphs from the newspapers, relating to various subjects.

