=LDR  01801cam a2200361 i 4500
=001  020513067
=003  Uk
=005  20220328100640.0
=008  220310s1784\\\\enk\\\\\\\\\\\000\0\eng\c
=040  \\$aUk$beng$cUk$erda$edcrmb
=245  00$aBy desire of Mrs. Thrale. A breakfast concert, at Spring-Gardens.$bA person equally extraordinary and unfortunate is compelled to solicit in this manner the notice of the public. James Harris, a dwarf.
=264  \1$aBath :$bPrinted by R. Cruttwell,$c1784.
=300  \\$a1 sheet ;$c15.5. x 11 cm (1/4°)
=336  \\$atext$2rdacontent
=337  \\$aunmediated$2rdamedia
=338  \\$asheet$2rdacarrier
=500  \\$aAt head of sheet: Bath, June 7th, 1784.
=510  4\$aESTC,$cT29829.
=562  \\$aManuscript note by Daniel Lysons reads, "This was drawn up by Mrs. Thrale (afterwards Mrs. Piozzi)".
=650  \0$aGrowth disorders
=655  \7$aAdvertisements.$2rbgenr
=700  1\$aPiozzi, Hester Lynch,$d1741-1821,$eattributed name.
=752  \\$aGreat Britain$bEngland$dBath.
=773  0\$tCollectanea: or, A collection of advertisements and paragraphs from the newspapers, relating to various subjects.$gC.103.k.11. Volume Ii. 49$w(Uk)002296582
=852  41$aBritish Library$bHMNTS$jC.103.k.11.
=856  41$uhttp://access.bl.uk/item/viewer/ark:/81055/vdc_100022589216.0x000002#?cv=13
=CAT  \\$aKITHERAE$b40$c20220310$lBLL01$h1711
=CAT  \\$aKITHERAE$b40$c20220328$lBLL01$h1005
=CAT  \\$aKITHERAE$b40$c20220328$lBLL01$h1006
=FIN  \\$aY$d20220310
=FMT  \\$a  BK
=LAS  \\$aKITHERAE$b40$c20220328$lBLL01$h1006
=LKR  \\$aANA$b002296582$lBLL01$r773$mBy desire of Mrs. Thrale. A breakfast concert, at Spring-Gardens.$nCollectanea: or, A collection of advertisements and paragraphs from the newspapers, relating to various subjects.

