=LDR  02734ckm a2200409 i 4500
=001  020513722
=003  Uk
=005  20220328100729.0
=008  220311s1790\\\\enknnn\\\\\\\\\\\\ineng\c
=040  \\$aUk$beng$cUk$erda$edcrmb
=100  1\$aMequignon, Peter$d1769-1826,$eartist.
=245  10$aMynheer Wybrand Lolkes the celebrated man in miniature from Jelst, in West Friesland 60 years of age 27 inches high, weighing 56lb.$bWho was exhibited in the year 1790 at Astley's riding school, Westminster Bridge, with great applause. Also Madame Lolkes, his wife 50 years of age, by whom he has had three children, one of which a son, lived to the age of 23, and was 5 feet 7 inches high.
=264  \1$a[London] :$bPublished Septr. 1st, 1790, by J. Caulfield No.13 Castle Street Leicester Fields, and to be had at the riding school,$c[1790]
=300  \\$a1 print :$betching ;$csheet 32 x 22.5 cm
=336  \\$astill image$2rdacontent
=336  \\$atext$2rdacontent
=337  \\$aunmediated$2rdamedia
=338  \\$asheet$2rdacarrier
=500  \\$aSigned below image: P. Mequignon delint. ad vivum.
=500  \\$aLettering with title accompanied by a printed description of the sitter.
=520  \\$aPortrait of Wybrand Lolkes and his wife, full length, both in frontal view with head slightly turned to the left, the husband resting his arm on a chair, the wife wearing a hat and with her right arm on her hip
=600  14$aLolkes, Wybrand,$d1730-1800
=650  \0$aGrowth disorders$vEarly works to 1800.
=655  \7$aEphemera.$2rbgenr
=700  1\$aCaulfield, James,$d1764-1826,$epublisher.
=752  \\$aGreat Britain$bEngland$dLondon.
=773  0\$tCollectanea: or, A collection of advertisements and paragraphs from the newspapers, relating to various subjects.$gC.103.k.11. Volume Ii. 50$w(Uk)002296582
=852  41$aBritish Library$bHMNTS$jC.103.k.11.
=856  41$uhttp://access.bl.uk/item/viewer/ark:/81055/vdc_100022589216.0x000002#?cv=119
=985  \\$a100=new. Peter Mequignon, painter/draughtsman (1769-1826). Source: https://www.britishmuseum.org/collection/term/BIOG203029
=985  \\$a600=new. Wybrand Lolkes. Famous Dutch dwarf; also a watchmaker. (1730-1800). Source: https://www.britishmuseum.org/collection/term/BIOG214468
=CAT  \\$aKITHERAE$b40$c20220311$lBLL01$h1040
=CAT  \\$aKITHERAE$b40$c20220328$lBLL01$h1007
=FIN  \\$aY$d20220311
=FMT  \\$a  VM
=LAS  \\$aKITHERAE$b40$c20220328$lBLL01$h1007
=LKR  \\$aANA$b002296582$lBLL01$r773$mMynheer Wybrand Lolkes the celebrated man in miniature from Jelst, in West Friesland 60 years of age 27 inches high, weighing 56lb.$nCollectanea: or, A collection of advertisements and paragraphs from the newspapers, relating to various subjects.

