=LDR  01980cam a2200397 i 4500
=001  020513753
=003  Uk
=005  20220328100823.0
=008  220311s1803\\\\enk\\\\\\\\\\\000\0beng\c
=040  \\$aUk$beng$cUk$erda
=100  1\$aGranger, William,$dactive 1802,$ecompiler.
=245  10$aLady Morgan and Mr. Allen.
=264  \1$a[London] :$b[Hogg and Co.],$a[1803]
=300  \\$a2 sheets (4 pages) ;$c16 cm (1/8°)
=336  \\$atext$2rdacontent
=337  \\$aunmediated$2rdamedia
=338  \\$asheet$2rdacarrier
=500  \\$aTitle taken from caption title of page 750.
=580  \\$aTwo leaves taken from The new wonderful museum and extraordinary magazine, volume 2 (1803). Pages 749-752.
=600  14$aMorgan,$cLady,$d1758-1803
=650  \0$aGrowth disorders.
=655  \7$aClippings.$2rbgenr
=752  \\$aGreat Britain$bEngland$dLondon.
=773  0\$tCollectanea: or, A collection of advertisements and paragraphs from the newspapers, relating to various subjects.$gC.103.k.11. Volume Ii. 50a$w(Uk)002296582
=787  0\$tNew wonderful museum and extraordinary magazine$w(Uk)001486977
=852  41$aBritish Library$bHMNTS$jC.103.k.11.
=856  41$uhttp://access.bl.uk/item/viewer/ark:/81055/vdc_100022589216.0x000002#?cv=41
=985  \\$a600=new. Lady Morgan. Unusually small woman, 3ft high when aged 45 in 1803; 'the Windsor Fairy' (1758-1803). Source: https://www.britishmuseum.org/collection/term/BIOG236337.
=CAT  \\$aKITHERAE$b40$c20220311$lBLL01$h1151
=CAT  \\$aKITHERAE$b40$c20220311$lBLL01$h1207
=CAT  \\$aKITHERAE$b40$c20220328$lBLL01$h1008
=FIN  \\$aY$d20220311
=FMT  \\$a  BK
=LAS  \\$aKITHERAE$b40$c20220328$lBLL01$h1008
=LKR  \\$aANA$b002296582$lBLL01$r773$mLady Morgan and Mr. Allen.$nCollectanea: or, A collection of advertisements and paragraphs from the newspapers, relating to various subjects.
=LKR  \\$aPAR$b001486977$lBLL01$r787$mLady Morgan and Mr. Allen.$nNew wonderful museum and extraordinary magazine

