=LDR  02544ckm a2200397 i 4500
=001  020513760
=003  Uk
=005  20220328100854.0
=008  220311s1803\\\\enknnn\\\\\\\\\\\\ineng\c
=040  \\$aUk$beng$cUk$erda$edcrmb
=245  00$aMr. Thos. Allen, the surprising small man, 3ft-3in high, aged 35, and Lady Morgan, the celebrated Windsor Fairy, 3ft high, aged 45.
=264  \1$a[London] :$bPub'd by Alex Hog., 16 Paternoster-row, Novr. 1-1803,$c[1803]
=300  \\$a1 print :$bline engraving ;$csheet 18 x 10 cm (trimmed)
=336  \\$astill image$2rdacontent
=336  \\$atext$2rdacontent
=337  \\$aunmediated$2rdamedia
=338  \\$asheet$2rdacarrier
=500  \\$aA single leaf of plates, most probably taken from The new wonderful museum and extraordinary magazine, volume 2 (1803), between pages 750-751.
=520  \\$aFull length portrait of Thomas Allen and Lady Morgan, both of small stature, besides a regular sized man and woman, by comparison. Item includes lettering, and a scale of feet on the left border of the plate.
=562  \\$aCropped, affecting title and imprint.
=600  14$aMorgan,$cLady,$d1758-1803
=650  \0$aGrowth disorders.
=655  \7$aClippings.$2rbgenr
=752  \\$aGreat Britain$bEngland$dLondon.
=773  0\$tCollectanea: or, A collection of advertisements and paragraphs from the newspapers, relating to various subjects.$gC.103.k.11. Volume Ii. 50a$w(Uk)002296582
=787  0\$aNew wonderful museum and extraordinary magazine$w(Uk)001486977
=852  41$aBritish Library$bHMNTS$jC.103.k.11.
=856  41$uhttp://access.bl.uk/item/viewer/ark:/81055/vdc_100022589216.0x000002#?cv=41
=985  \\$a600=new. Lady Morgan. Unusually small woman, 3ft high when aged 45 in 1803; 'the Windsor Fairy' (1758-1803). Source: https://www.britishmuseum.org/collection/term/BIOG236337.
=CAT  \\$aKITHERAE$b40$c20220311$lBLL01$h1207
=CAT  \\$aKITHERAE$b40$c20220328$lBLL01$h1008
=FIN  \\$aY$d20220311
=FMT  \\$a  VM
=LAS  \\$aKITHERAE$b40$c20220328$lBLL01$h1008
=LKR  \\$aANA$b002296582$lBLL01$r773$mMr. Thos. Allen, the surprising small man, 3ft-3in high, aged 35, and Lady Morgan, the celebrated Windsor Fairy, 3ft high, aged 45.$nCollectanea: or, A collection of advertisements and paragraphs from the newspapers, relating to various subjects.
=LKR  \\$aPAR$b001486977$lBLL01$r787$mMr. Thos. Allen, the surprising small man, 3ft-3in high, aged 35, and Lady Morgan, the celebrated Windsor Fairy, 3ft high, aged 45.$nNew wonderful museum and extraordinary magazine

