=LDR  01953cam a2200349 i 4500
=001  020513817
=003  Uk
=005  20220328100938.0
=008  220311s1790\\\\enk\\\\\\\\\\\000\0\eng\c
=040  \\$aUk$beng$cUk$erda$edcrmb
=245  00$aMr. Ody, no.9, on the pavement, West-Smithfield, during the fair. The author of nature is wonderful, even in the least of his works. Mr. Thomas Allen, the most surprising small man, never before shewn to the public.
=264  \1$a[London] :$b[Publisher not identified],$c[1790]
=300  \\$a1 sheet ;$c20.5 x 15 cm (1/4°)
=336  \\$atext$2rdacontent
=337  \\$aunmediated$2rdamedia
=338  \\$asheet$2rdacarrier
=500  \\$aDated dervied from manuscript note by Daniel Lysons.
=500  \\$aProbably circulated and acquired at Bartholomew Fair, London to advertise the exhibition of Thomas Allen and Lady Morgan.
=510  4\$aESTC,$cT41557.
=562  \\$aManuscript date by Lysons.
=650  \0$aGrowth disorders$vEarly works to 1800.
=655  \7$aAdvertisements.$2rbgenr
=752  \\$aGreat Britain$bEngland$dLondon.
=773  0\$tCollectanea: or, A collection of advertisements and paragraphs from the newspapers, relating to various subjects.$gC.103.k.11. Volume Ii. 51$w(Uk)002296582
=852  41$aBritish Library$bHMNTS$jC.103.k.11.
=856  41$uhttp://access.bl.uk/item/viewer/ark:/81055/vdc_100022589216.0x000002#?cv=62
=CAT  \\$aKITHERAE$b40$c20220311$lBLL01$h1401
=CAT  \\$aKITHERAE$b40$c20220328$lBLL01$h1009
=FIN  \\$aY$d20220311
=FMT  \\$a  BK
=LAS  \\$aKITHERAE$b40$c20220328$lBLL01$h1009
=LKR  \\$aANA$b002296582$lBLL01$r773$mMr. Ody, no.9, on the pavement, West-Smithfield, during the fair. The author of nature is wonderful, even in the least of his works. Mr. Thomas Allen, the most surprising small man, never before shewn to the public.$nCollectanea: or, A collection of advertisements and paragraphs from the newspapers, relating to various subjects.

