=LDR  01461ckm a2200301 i 4500
=001  020513837
=003  Uk
=005  20220328101038.0
=008  220311q1790\\\\enknnn\\\\\\\\\\\\ineng\c
=040  \\$aUk$beng$cUk$erda$edcrmb
=245  01$a[Full length portrait of a well-dressed man of small stature, in an oval border].
=264  \1$a[England?] :$b[Publisher not identified],$c[circa 1790]
=300  \\$a1 print :$bwoodcut ;$c14 x 10.5 cm (oval border)
=336  \\$astill image$2rdacontent
=337  \\$aunmediated$2rdamedia
=338  \\$asheet$2rdacarrier
=500  \\$aNo lettering. This may possibly be an image of the 'surprising dwarf', Thomas Allen.
=650  \0$aGrowth disorders
=655  \7$aEphemera.$2rbgenr
=773  0\$tCollectanea: or, A collection of advertisements and paragraphs from the newspapers, relating to various subjects.$gC.103.k.11. Volume Ii. 51$w(Uk)002296582
=852  41$aBritish Library$bHMNTS$jC.103.k.11.
=856  41$uhttp://access.bl.uk/item/viewer/ark:/81055/vdc_100022589216.0x000002#?cv=62
=CAT  \\$aKITHERAE$b40$c20220311$lBLL01$h1427
=CAT  \\$aKITHERAE$b40$c20220328$lBLL01$h1010
=FIN  \\$aY$d20220311
=FMT  \\$a  VM
=LAS  \\$aKITHERAE$b40$c20220328$lBLL01$h1010
=LKR  \\$aANA$b002296582$lBLL01$r773$m[Full length portrait of a well-dressed man of small stature, in an oval border].$nCollectanea: or, A collection of advertisements and paragraphs from the newspapers, relating to various subjects.

