=LDR  01549cam a2200349 i 4500
=001  020513860
=003  Uk
=005  20220328101101.0
=008  220311q1814\\\\enk\\\\\\\\\\\000\0ceng\c
=040  \\$aUk$beng$cUk$erda$edcrmb
=245  04$aThe history & travels of the little Nanette Stocker and of John Hauptmann.
=264  \1$a[London] :$bW.Hughes, Printer, Maiden-lane, Covent-garden,$c[circa 1814?]
=300  \\$a16 pages ;$c21 cm (8°)
=336  \\$atext$2rdacontent
=337  \\$aunmediated$2rdamedia
=338  \\$avolume$2rdacarrier
=500  \\$aCaption title.
=600  10$aStocker, Nanette,$d1781-
=600  10$aHauptmann, Jean.
=650  \0$aGrowth disorders.
=655  \7$aTravel literature.$2rbgenr
=752  \\$aGreat Britain$bEngland$dLondon.
=773  0\$tCollectanea: or, A collection of advertisements and paragraphs from the newspapers, relating to various subjects.$gC.103.k.11. Volume Ii. 52$w(Uk)002296582
=852  41$aBritish Library$bHMNTS$jC.103.k.11.
=856  41$uhttp://access.bl.uk/item/viewer/ark:/81055/vdc_100022589216.0x000002#?cv=61
=CAT  \\$aKITHERAE$b40$c20220311$lBLL01$h1459
=CAT  \\$aBATCH-UPD$b40$c20220311$lBLL01$h1500
=CAT  \\$aKITHERAE$b40$c20220328$lBLL01$h1011
=FIN  \\$aY$d20220311
=FMT  \\$a  BK
=LAS  \\$aKITHERAE$b40$c20220328$lBLL01$h1011
=LKR  \\$aANA$b002296582$lBLL01$r773$mThe history & travels of the little Nanette Stocker and of John Hauptmann.$nCollectanea: or, A collection of advertisements and paragraphs from the newspapers, relating to various subjects.

