=LDR  01723cam a2200349 i 4500
=001  020513870
=003  Uk
=005  20220328101135.0
=008  220311q1790\\\\enk\\\\\\\\\\\000\0\eng\c
=040  \\$aUk$beng$cUk$erda$edcrmb
=245  00$aWith submission. May be seen immediately, Jeremiah Davies, the celebrated man in miniature, from Wales, forty eight years of age, and well proportioned.
=264  \1$a[London?] :$b[Publisher not identified],$c[circa 1790?]
=300  \\$a1 sheet ;$c8.5 x 14.5 cm (1/12⁰)
=336  \\$atext$2rdacontent
=337  \\$aunmediated$2rdamedia
=338  \\$asheet$2rdacarrier
=500  \\$aIncludes ornamental type border.
=510  4\$aESTC,$cT160607
=600  10$aDavies, Jeremiah,$dapproximately 1742-
=650  \0$aGrowth disorders.
=655  \7$aAdvertisements.$2rbgenr
=752  \\$aGreat Britain$bEngland$dLondon.
=773  0\$tCollectanea: or, A collection of advertisements and paragraphs from the newspapers, relating to various subjects.$gC.103.k.11. Volume Ii. 52$w(Uk)002296582
=852  41$aBritish Library$bHMNTS$jC.103.k.11.
=856  41$uhttp://access.bl.uk/item/viewer/ark:/81055/vdc_100022589216.0x000002#?cv=61
=CAT  \\$aKITHERAE$b40$c20220311$lBLL01$h1515
=CAT  \\$aKITHERAE$b40$c20220311$lBLL01$h1515
=CAT  \\$aKITHERAE$b40$c20220328$lBLL01$h1011
=FIN  \\$aY$d20220311
=FMT  \\$a  BK
=LAS  \\$aKITHERAE$b40$c20220328$lBLL01$h1011
=LKR  \\$aANA$b002296582$lBLL01$r773$mWith submission. May be seen immediately, Jeremiah Davies, the celebrated man in miniature, from Wales, forty eight years of age, and well proportioned.$nCollectanea: or, A collection of advertisements and paragraphs from the newspapers, relating to various subjects.

