=LDR  01839cam a2200349 i 4500
=001  020513892
=003  Uk
=005  20230726134430.0
=008  220311s1809\\\\enk\\\\\\\\\\\000\0beng\c
=040  \\$aUk$beng$cUk$erda$edcrmb
=245  00$aMiss Lucy Wanmer.
=264  \1$a[Place of publication not identified] :$b[publisher not identified],$c[1809?]
=300  \\$a1 sheet ([2] pages) ;$c22 x 13 cm platemark, 28 x 22 cm sheet.
=336  \\$atext$2rdacontent
=337  \\$aunmediated$2rdamedia
=338  \\$asheet$2rdacarrier
=500  \\$aEngraved plate of text.
=600  14$aWanmer, Lucy$d1756-1827
=650  \0$aGrowth disorders.
=655  \7$aEphemera.$2rbgenr
=752  \\$aGreat Britain$bEngland.
=773  0\$tCollectanea: or, A collection of advertisements and paragraphs from the newspapers, relating to various subjects.$gC.103.k.11. Volume Ii. 53$w(Uk)002296582
=852  41$aBritish Library$bHMNTS$jC.103.k.11.
=856  41$uhttp://access.bl.uk/item/viewer/ark:/81055/vdc_100022589216.0x000002#?cv=83
=985  \\$a600=new. Lucy Wanmer. (1756-1827). The daughter of John Wanmer/Wanmore and Mary Brigden, Lucy was a dwarf/midget and an educator. She was born and grew up in Tunbridge Wells in Kent. Only 2 feet 6 inches tall and weighted 45 lbs Lucy was exhibited in London in 1801 at the age of forty-five. Known as "The Little Woman of Peckham". Source: https://sites.google.com/site/wanmerons/home/biographies
=CAT  \\$aKITHERAE$b40$c20220311$lBLL01$h1544
=CAT  \\$aKITHERAE$b40$c20220328$lBLL01$h1012
=CAT  \\$a8874$b40$c20230726$lBLL01$h1344
=FIN  \\$aY$d20220311
=FMT  \\$a  BK
=LAS  \\$a8874$b40$c20230726$lBLL01$h1344
=LKR  \\$aANA$b002296582$lBLL01$r773$mMiss Lucy Wanmer.$nCollectanea: or, A collection of advertisements and paragraphs from the newspapers, relating to various subjects.

