=LDR  01746ckm a2200337 i 4500
=001  020513907
=003  Uk
=005  20230726134447.0
=008  220311q1815\\\\enknnn\\\\\\\\\\\\ineng\c
=040  \\$aUk$beng$cUk$erda$edcrmb
=245  01$a[Portrait of Jean Hauptmann and Nanette Stocker, two individuals of short stature, in full length and side profile, playing a duet on piano and violin].
=264  \1$a[Place of publication not identified] :$b[publisher not identified],$c[circa 1815?]
=300  \\$a1 print :$baquatint, hand coloured ;$c15.5 x 10 cm (trimmed)
=336  \\$astill image$2rdacontent
=337  \\$aunmediated$2rdamedia
=338  \\$asheet$2rdacarrier
=500  \\$aLettering details names, age and height of the depicted individuals.
=600  10$aHauptmann, Jean.
=600  10$aStocker, Nanette,$d1781-
=650  \0$aGrowth disorders.
=655  \7$aEphemera.$2rbgenr
=773  0\$tCollectanea: or, A collection of advertisements and paragraphs from the newspapers, relating to various subjects.$gC.103.k.11. Volume Ii. 54$w(Uk)002296582
=852  41$aBritish Library$bHMNTS$jC.103.k.11.
=856  41$uhttp://access.bl.uk/item/viewer/ark:/81055/vdc_100022589216.0x000002#?cv=25
=CAT  \\$aKITHERAE$b40$c20220311$lBLL01$h1612
=CAT  \\$aKITHERAE$b40$c20220328$lBLL01$h1013
=CAT  \\$a8874$b40$c20230726$lBLL01$h1344
=FIN  \\$aY$d20220311
=FMT  \\$a  VM
=LAS  \\$a8874$b40$c20230726$lBLL01$h1344
=LKR  \\$aANA$b002296582$lBLL01$r773$m[Portrait of Jean Hauptmann and Nanette Stocker, two individuals of short stature, in full length and side profile, playing a duet on piano and violin].$nCollectanea: or, A collection of advertisements and paragraphs from the newspapers, relating to various subjects.

