=LDR  01638cam a2200325 i 4500
=001  020513917
=003  Uk
=005  20220328101343.0
=008  220311s1814\\\\enk\\\\\\\\\\\000\0\eng\c
=040  \\$aUk$beng$cUk$erda$edcrmb
=245  00$aMr. Godeluck, (from Germany,) begs leave to inform the nobility, gentry, and public in general, of his arrival in London, with two extraordinary individuals.
=264  \1$aLondon :$bPrinted by Schultze and Dean, 13, Poland Street,$c[1814?]
=300  \\$a1 sheet ;$c19 x 10 cm (1/4°)
=336  \\$atext$2rdacontent
=337  \\$aunmediated$2rdamedia
=338  \\$asheet$2rdacarrier
=600  10$aHauptmann, Jean.
=600  10$aStocker, Nanette,$d1781-
=650  \0$aGrowth disorders.
=710  2\$aSchulze and Dean (Firm),$eprinter.
=752  \\$aGreat Britain$bEngland$dLondon.
=773  0\$tCollectanea: or, A collection of advertisements and paragraphs from the newspapers, relating to various subjects.$gC.103.k.11. Volume Ii. 54$w(Uk)002296582
=852  41$aBritish Library$bHMNTS$jC.103.k.11.
=856  41$uhttp://access.bl.uk/item/viewer/ark:/81055/vdc_100022589216.0x000002#?cv=25
=CAT  \\$aKITHERAE$b40$c20220311$lBLL01$h1625
=CAT  \\$aKITHERAE$b40$c20220328$lBLL01$h1013
=FIN  \\$aY$d20220311
=FMT  \\$a  BK
=LAS  \\$aKITHERAE$b40$c20220328$lBLL01$h1013
=LKR  \\$aANA$b002296582$lBLL01$r773$mMr. Godeluck, (from Germany,) begs leave to inform the nobility, gentry, and public in general, of his arrival in London, with two extraordinary individuals.$nCollectanea: or, A collection of advertisements and paragraphs from the newspapers, relating to various subjects.

