=LDR  01955cam a2200361 i 4500
=001  020521644
=003  Uk
=005  20220328101416.0
=008  220317s1815\\\\enki\\\\\\\\\\000\0\eng\c
=040  \\$aUk$beng$cUk$erda$edcrmb
=245  00$aBy permission of the Right Hon. the Lord Mayor. And patronised by all the Royal Family. Just arrived, and to be seen at No. 68, Cheapside, next door to Queen-Street, the smallest man & woman in the world!
=264  \1$a[London] :$bT. Romney, printer, Bridge-Road, Lam[beth],$c[1815]
=300  \\$a1 sheet ([1] pages) :$bcoat of arms ;$c20 x 12 cm (1/4°)
=336  \\$atext$2rdacontent
=337  \\$aunmediated$2rdamedia
=338  \\$asheet$2rdacarrier
=500  \\$a"Admittance 1s. - Children and servants 6d.".
=520  \\$aAdvertising the exhibition of Nanette Stocker and Jean Hauptmann in London, 1815.
=600  10$aStocker, Nanette,$d1781-
=600  10$aHauptmann, Jean.
=650  \0$aGrowth disorders.
=655  \7$aAdvertisements.$2rbgenr
=700  1\$aRomney, Thomas,$d-1828,$eprinter.
=752  \\$aGreat Britain$bEngland$dLondon.
=773  0\$tCollectanea: or, A collection of advertisements and paragraphs from the newspapers, relating to various subjects.$gC.103.k.11. Volume Ii. 54$w(Uk)002296582
=852  41$aBritish Library$bHMNTS$jC.103.k.11.
=856  41$uhttp://access.bl.uk/item/viewer/ark:/81055/vdc_100022589216.0x000002#?cv=25
=CAT  \\$aKITHERAE$b40$c20220317$lBLL01$h0950
=CAT  \\$aKITHERAE$b40$c20220328$lBLL01$h1014
=FIN  \\$aY$d20220317
=FMT  \\$a  BK
=LAS  \\$aKITHERAE$b40$c20220328$lBLL01$h1014
=LKR  \\$aANA$b002296582$lBLL01$r773$mBy permission of the Right Hon. the Lord Mayor. And patronised by all the Royal Family. Just arrived, and to be seen at No. 68, Cheapside, next door to Queen-Street, the smallest man & woman in the world!$nCollectanea: or, A collection of advertisements and paragraphs from the newspapers, relating to various subjects.

