=LDR  01930cam a2200337 i 4500
=001  020521657
=003  Uk
=005  20220328101455.0
=008  220317s1816\\\\enk\\\\\\\\\\\000\0\eng\c
=040  \\$aUk$beng$cUk$erda$edcrmb
=245  00$aTo the nobility, gentry, and others. Just arrived from Holland, Mr. Sampiemon, who has brought with him, the wonder of Holland and all the world, viz. Mr. Simon Paap, a young gentleman 28 years of age, and measures only 28 inches in height!
=264  \1$a[London?] :$b[Publisher not identified],$c[1816?]
=300  \\$a1 sheet ([1] pages) ;$c14 x 18 cm (1/4°)
=336  \\$atext$2rdacontent
=337  \\$aunmediated$2rdamedia
=338  \\$asheet$2rdacarrier
=500  \\$aWith a ornamental meander type border.
=600  10$aPaap, Simon,$d1789-1828
=650  \0$aGrowth disorders.
=655  \7$aAdvertisements.$2rbgenr
=752  \\$aGreat Britain$bEngland$dLondon.
=773  0\$tCollectanea: or, A collection of advertisements and paragraphs from the newspapers, relating to various subjects.$gC.103.k.11. Volume Ii. 55$w(Uk)002296582
=852  41$aBritish Library$bHMNTS$jC.103.k.11.
=856  41$uhttp://access.bl.uk/item/viewer/ark:/81055/vdc_100022589216.0x000002#?cv=20
=985  \\$a600=new. Simon Paap (1789-1828). Well-known Dutch dwarf. Source: https://nl.wikipedia.org/wiki/Simon_Paap
=CAT  \\$aKITHERAE$b40$c20220317$lBLL01$h1004
=CAT  \\$aKITHERAE$b40$c20220328$lBLL01$h1014
=FIN  \\$aY$d20220317
=FMT  \\$a  BK
=LAS  \\$aKITHERAE$b40$c20220328$lBLL01$h1014
=LKR  \\$aANA$b002296582$lBLL01$r773$mTo the nobility, gentry, and others. Just arrived from Holland, Mr. Sampiemon, who has brought with him, the wonder of Holland and all the world, viz. Mr. Simon Paap, a young gentleman 28 years of age, and measures only 28 inches in height!$nCollectanea: or, A collection of advertisements and paragraphs from the newspapers, relating to various subjects.

