=LDR  01680cam a2200313 i 4500
=001  020521663
=003  Uk
=005  20220328101522.0
=008  220317s1817\\\\enk\\\\\\\\\\\000\0\eng\c
=040  \\$aUk$beng$cUk$erda$edcrmb
=245  02$aA phœnomenon of nature.$bJust arrived in this town, to be seen at [blank] Mr. & Miss Batsone (from Southleigh, near Honiton, Devonshire), the shortest man and woman of English production, that were ever exhibited in this Kingdom.
=264  \1$aGloucester :$bW.Price, Letter-press and copper plate printer, Black Friars, Southgate Street,$c[1817]
=300  \\$a1 sheet ([1] pages) ;$c22 x 14 cm (1/4°)
=336  \\$atext$2rdacontent
=337  \\$aunmediated$2rdamedia
=338  \\$asheet$2rdacarrier
=562  \\$aPasted alongide a manuscript note by Daniel Lysons, suggesting the item was circulated or acquired at Barton Fair, 1817.
=650  \0$aGrowth disorders.
=655  \7$aAdvertisements.$2rbgenr
=752  \\$aGreat Britain$bEngland$dGloucester.
=773  0\$tCollectanea: or, A collection of advertisements and paragraphs from the newspapers, relating to various subjects.$gC.103.k.11. Volume Ii. 55$w(Uk)002296582
=852  41$aBritish Library$bHMNTS$jC.103.k.11.
=856  41$uhttp://access.bl.uk/item/viewer/ark:/81055/vdc_100022589216.0x000002#?cv=20
=CAT  \\$aKITHERAE$b40$c20220317$lBLL01$h1027
=CAT  \\$aKITHERAE$b40$c20220328$lBLL01$h1015
=FIN  \\$aY$d20220317
=FMT  \\$a  BK
=LAS  \\$aKITHERAE$b40$c20220328$lBLL01$h1015
=LKR  \\$aANA$b002296582$lBLL01$r773$mA phœnomenon of nature.$nCollectanea: or, A collection of advertisements and paragraphs from the newspapers, relating to various subjects.

