=LDR  01752cam a2200325 i 4500
=001  020521719
=003  Uk
=005  20220328101601.0
=008  220317s1819\\\\enk\\\\\\\\\\\000\0\eng\c
=040  \\$aUk$beng$cUk$erda$edcrmb
=245  00$aReal wonders !!!$bThe first time they had ever the honor of seeing company in this part of the country. The exhibition is now open, under the patronage of H.R.H. the Prince Regent, Duke of York, and numbers of the nobility. The two estraordinary and surprising prodigies of nature, dwarf and fairy.
=264  \1$aCheltenham :$bRobinson, printer,$c[1819?]
=300  \\$a1 sheet ([1] pages) ;$c15 x 9 cm (1/8°)
=336  \\$atext$2rdacontent
=337  \\$aunmediated$2rdamedia
=338  \\$asheet$2rdacarrier
=520  \\$aAdvertising the exhibition of Miss Shaw and her brother.
=562  \\$aPasted alongside a manuscript note by Daniel Lysons which suggests the item was circulated or acquired at Tetbury, 1819.
=650  \0$aGrowth disorders.
=655  \7$aAdvertisements.$2rbgenr
=752  \\$aGreat Britain$bEngland$dCheltenham.
=773  0\$tCollectanea: or, A collection of advertisements and paragraphs from the newspapers, relating to various subjects.$gC.103.k.11. Volume Ii. 56$w(Uk)002296582
=852  41$aBritish Library$bHMNTS$jC.103.k.11.
=856  41$uhttp://access.bl.uk/item/viewer/ark:/81055/vdc_100022589216.0x000002#?cv=59
=CAT  \\$aKITHERAE$b40$c20220317$lBLL01$h1153
=CAT  \\$aKITHERAE$b40$c20220328$lBLL01$h1016
=FIN  \\$aY$d20220317
=FMT  \\$a  BK
=LAS  \\$aKITHERAE$b40$c20220328$lBLL01$h1016
=LKR  \\$aANA$b002296582$lBLL01$r773$mReal Wonders !!!$nCollectanea: or, A collection of advertisements and paragraphs from the newspapers, relating to various subjects.

