=LDR  01688cks a2200337 i 4500
=001  020521731
=003  Uk
=005  20220328101909.0
=008  220317s1819\\\\enknnn\\\\\\\\\\\\ineng\c
=040  \\$aUk$beng$cUk$erda$edcrmb
=245  00$aS. Paap, 26 inchs. high, 27 pou.ds. Wt. 29 years old.
=264  \1$a[London?] :$b[Publisher not identified],$c[1819?]
=300  \\$a1 print :$bline engraving with etching$cplatemark 16.5 x 10.7 cm (trimmed)
=336  \\$astill image$2rdacontent
=336  \\$atext$2rdacontent
=337  \\$aunmediated$2rdamedia
=338  \\$asheet$2rdacarrier
=520  \\$aPrint depicting Mr Simon Paap, full-length portrait, standing with a bayonet rifle in his left hand and a table with a bottle and cup to his right.
=600  10$aPaap, Simon,$d1789-1828,
=655  \7$aEphemera.$2rbgenr
=752  \\$aGreat Britain$bEngland$dLondon.
=773  0\$tCollectanea: or, A collection of advertisements and paragraphs from the newspapers, relating to various subjects.$gC.103.k.11. Volume Ii. 56$w(Uk)002296582
=852  41$aBritish Library$bHMNTS$jC.103.k.11.
=856  41$uhttp://access.bl.uk/item/viewer/ark:/81055/vdc_100022589216.0x000002#?cv=59
=985  \\$a600=new. Simon Paap (1789-1828). Dutch dwarf. Source: https://nl.wikipedia.org/wiki/Simon_Paap
=CAT  \\$aKITHERAE$b40$c20220317$lBLL01$h1210
=CAT  \\$aKITHERAE$b40$c20220328$lBLL01$h1019
=FIN  \\$aY$d20220317
=FMT  \\$a  VM
=LAS  \\$aKITHERAE$b40$c20220328$lBLL01$h1019
=LKR  \\$aANA$b002296582$lBLL01$r773$mS. Paap, 26 inchs. high, 27 pou.ds. Wt. 29 years old.$nCollectanea: or, A collection of advertisements and paragraphs from the newspapers, relating to various subjects.

