=LDR  02459ckm a2200373 i 4500
=001  020521768
=003  Uk
=005  20220328101948.0
=008  220317s1796\\\\enknnn\\\\\\\\\\\\ineng\c
=040  \\$aUk$beng$cUk$erda$edcrmb
=245  00$aJohn Jarvis 3 feet 8 inches high died 1560 aged 57 years.
=264  \1$a[London] :$bPublished March 1. 1796 by I. Caulfield,$c[1796]
=300  \\$a1 print :$betching and stipple ;$c18.5 x 13 cm (trimmed)
=336  \\$astill image$2rdacontent
=336  \\$atext$2rdacontent
=337  \\$aunmediated$2rdamedia
=338  \\$asheet$2rdacarrier
=500  \\$aLettered below image with the title, information about the sitter over one line, production and publication details: 'Walker pinxt. 1795 / Engrav'd by Clamp / From an Original Statue in the possession of Geo. Walker Esq. Winchester Row, Lisson Green / Published March 1, 1796 by I. Caulfield'.
=520  \\$aPortrait of John Jarvis, whole length, standing to front on a stone, upper body and head turned slightly to left, his right hand on his stomach and the left behind his back, wearing ruff, doublet with belt, hose and shoes; illustration to James Caulfield's 'Portraits, Memoirs, and Characters of remarkable Persons, from the Reign of Edward III to the Revolution' (London: 1794-1795); from a painting by Walker, after a statue.
=600  10$aJarvis, John,$d1503-1560
=650  \0$aGrowth disorders$vEarly works to 1800.
=655  \7$aEphemera.$2rbgenr
=700  1\$aCaulfield, James,$d1764-1826,$epublisher.
=752  \\$aGreat Britain$bEngland$dLondon.
=773  0\$tCollectanea: or, A collection of advertisements and paragraphs from the newspapers, relating to various subjects.$gC.103.k.11. Volume Ii. 56$w(Uk)002296582
=852  41$aBritish Library$bHMNTS$jC.103.k.11.
=856  41$uhttp://access.bl.uk/item/viewer/ark:/81055/vdc_100022589216.0x000002#?cv=59
=985  \\$a600=new. John Jarvis (1503-1560). English dwarf and page to Queen Mary I. Source: item and https://en.wikisource.org/wiki/1911_Encyclop%C3%A6dia_Britannica/Dwarf
=CAT  \\$aKITHERAE$b40$c20220317$lBLL01$h1331
=CAT  \\$aKITHERAE$b40$c20220328$lBLL01$h1019
=FIN  \\$aY$d20220317
=FMT  \\$a  VM
=LAS  \\$aKITHERAE$b40$c20220328$lBLL01$h1019
=LKR  \\$aANA$b002296582$lBLL01$r773$mJohn Jarvis 3 feet 8 inches high died 1560 aged 57 years.$nCollectanea: or, A collection of advertisements and paragraphs from the newspapers, relating to various subjects.

