=LDR  01553cam a2200361 i 4500
=001  020521790
=003  Uk
=005  20220328102030.0
=008  220317q18051824enk\\\\\\\\\\\000\0beng\c
=040  \\$aUk$beng$cUk$erda$edcrmb
=245  00$aMemoir of Jeffrey Hudson.
=264  \1$a[London] :$bPrinted by Rider and Weed, Little Britain,$c[between 1805-1824]
=300  \\$a3, [1] pages ;$c33 cm (1/2°)
=336  \\$atext$2rdacontent
=337  \\$aunmediated$2rdamedia
=338  \\$avolume$2rdacarrier
=500  \\$aLast page is blank.
=500  \\$aImprint from colophon.
=500  \\$aDate derived from when John Rider and William Weed were in business together.
=600  10$aHudson, Jeffrey,$d1619-1681.
=650  \0$aGrowth disorders.
=655  \7$aBiographies.$2rbgenr
=710  2\$aRider and Weed,$eprinter.
=752  \\$aGreat Britain$bEngland$dLondon.
=773  0\$tCollectanea: or, A collection of advertisements and paragraphs from the newspapers, relating to various subjects.$gC.103.k.11. Volume Ii. 57a$w(Uk)002296582
=852  41$aBritish Library$bHMNTS$jC.103.k.11.
=856  41$uhttp://access.bl.uk/item/viewer/ark:/81055/vdc_100022589216.0x000002#?cv=128
=CAT  \\$aKITHERAE$b40$c20220317$lBLL01$h1403
=CAT  \\$aKITHERAE$b40$c20220328$lBLL01$h1020
=FIN  \\$aY$d20220317
=FMT  \\$a  BK
=LAS  \\$aKITHERAE$b40$c20220328$lBLL01$h1020
=LKR  \\$aANA$b002296582$lBLL01$r773$mMemoir of Jeffrey Hudson.$nCollectanea: or, A collection of advertisements and paragraphs from the newspapers, relating to various subjects.

