=LDR  03022ckm a2200409 i 4500
=001  020521800
=003  Uk
=005  20220328102059.0
=008  220317s1810\\\\enknnn\\\\\\\\\\\\ineng\c
=040  \\$aUk$beng$cUk$erda$edcrmb
=100  1\$aHarding, G. P.$q(George Perfect),$d1780-1853,$eartist.
=245  14$aThe celebrated dwarf in the reigns of Charles the first & second. Jeffrey Hudson died in 1682.
=264  \1$a[London?] :$b[Published by Edw. Evans, 1, Great Queen Street, Lincoln's Inn Fields],$c[1810]
=300  \\$a1 print :$bline engraving with etching ;$c26 x 20 cm (trimmed)
=336  \\$astill image$2rdacontent
=336  \\$atext$2rdacontent
=337  \\$aunmediated$2rdamedia
=338  \\$avolume$2rdacarrier
=500  \\$aLettering continues: "Born at Okeham, in Rutlandshire in 1619. Taken into the service of the Duchess of Buckingham, at Burleigh between the age of 7 & 9, and served up in a cold pye, at an entertainment given to Charles the First, and his Queen. Sent to France for the Queen's midwife in 1630, & made prisoner by a Flemish pirate. Made a captain of horse in the Civil Wars; & fights a duel on horseback with Mr. Crofts, whom he kills with the first fire. Again made captive at sea, by a Turkish rover, & carried into slavery where he remains some years. Redeemed; settles for a time in his native county, & afterwards removes to London. Committed to the Gate House as a Papist, & dies soon after his release in his sixty-third year."
=520  \\$aPortrait of Jeffrey Hudson; whole length, standing to right in a hilly landscape, looking towards the viewer, holding the lead of a dog in his left hand and a staff and rose in the right; butterfly in foreground at right; from a drawing by George Perfect Harding after Daniel Mytens; state before title and publisher's name.
=562  \\$aCropped, wanting publisher's imprint at bottom. Publisher has been derived from copy held by the British Museum.
=600  10$aHudson, Jeffrey,$d1619-1681.
=650  \0$aGrowth disorders.$vEar
=655  \7$aEphemera.$2rbgenr
=700  1\$aStow, James,$dapproximately 1770-$eengraver.
=700  1\$aMytens, Daniel,$d1590-1648,$eartist.
=710  2\$aA.E. Evans & Son,$epublisher.
=752  \\$aGreat Britain$bEngland$dLondon.
=773  0\$tCollectanea: or, A collection of advertisements and paragraphs from the newspapers, relating to various subjects.$gC.103.k.11. Volume Ii. 57b$w(Uk)002296582
=852  41$aBritish Library$bHMNTS$jC.103.k.11.
=856  41$uhttp://access.bl.uk/item/viewer/ark:/81055/vdc_100022589216.0x000002#?cv=80
=CAT  \\$aKITHERAE$b40$c20220317$lBLL01$h1420
=CAT  \\$aKITHERAE$b40$c20220328$lBLL01$h1020
=FIN  \\$aY$d20220317
=FMT  \\$a  VM
=LAS  \\$aKITHERAE$b40$c20220328$lBLL01$h1020
=LKR  \\$aANA$b002296582$lBLL01$r773$mThe celebrated dwarf in the reigns of Charles the first & second. Jeffrey Hudson died in 1682.$nCollectanea: or, A collection of advertisements and paragraphs from the newspapers, relating to various subjects.

