=LDR  01924ckm a2200373 i 4500
=001  020521836
=003  Uk
=005  20220328102134.0
=008  220317s1789\\\\enknnn\\\\\\\\\\\\ineng\c
=040  \\$aUk$beng$cUk$erda
=245  00$aJeffrey Hudson, 1644.
=264  \1$aLondon :$bPublish'd by J. Fittler,$c1789.
=300  \\$a1 print :$bline engraving with etching ;$c14.5 x 10 cm (trimmed)
=336  \\$astill image$2rdacontent
=336  \\$atext$2rdacontent
=337  \\$aunmediated$2rdamedia
=338  \\$avolume$2rdacarrier
=500  \\$aPublisher's name precedes year and place in imprint.
=500  \\$aLettered above image with title and "inest sua gratia parvis", continuing below the image "melior est culta exiguitas / quam magnitas neglecta".
=562  \\$aPasted alongside an extensive manuscript annotation by Daniel Lysons which describes how Hudson was expelled from the Royal Court in exile after killing the brother of William Crofts in a duel. Lysons includes transcriptions of relevant sources.
=600  10$aHudson, Jeffrey,$d1619-1681.
=650  \0$aGrowth disorders.
=655  \7$aEphemera.$2rbgenr
=700  1\$aFittler, James,$d1758-1835,$eengraver,$epublisher.
=752  \\$aGreat Britain$bEngland$dLondon.
=773  0\$tCollectanea: or, A collection of advertisements and paragraphs from the newspapers, relating to various subjects.$gC.103.k.11. Volume Ii. 57c$w(Uk)002296582
=852  41$aBritish Library$bHMNTS$jC.103.k.11.
=856  41$uhttp://access.bl.uk/item/viewer/ark:/81055/vdc_100022589216.0x000002#?cv=120
=CAT  \\$aKITHERAE$b40$c20220317$lBLL01$h1504
=CAT  \\$aKITHERAE$b40$c20220328$lBLL01$h1021
=FIN  \\$aY$d20220317
=FMT  \\$a  VM
=LAS  \\$aKITHERAE$b40$c20220328$lBLL01$h1021
=LKR  \\$aANA$b002296582$lBLL01$r773$mJeffrey Hudson, 1644.$nCollectanea: or, A collection of advertisements and paragraphs from the newspapers, relating to various subjects.

