=LDR  02274cam a2200385 i 4500
=001  020522222
=003  Uk
=005  20220328102202.0
=008  220318s1755\\\\enka\\\\\\\\\\000\0\eng\c
=040  \\$aUk$beng$cUk$erda$edcrmb
=245  04$aThe suffolk wonder: or, the pleasant, facetious, and merry dwarf of Bottesdale.
=264  \1$a[Ipswich?] :$b[Publisher not identified],$c[1755]
=300  \\$a1 sheet ([1] pages) :$billustrations (woodcut) ;$c36 x 26 cm (1/2⁰)
=336  \\$astill image$2rdacontent
=336  \\$atext$2rdacontent
=337  \\$aunmediated$2rdamedia
=338  \\$avolume$2rdacarrier
=500  \\$aWoodcut dated 1755.
=510  4\$aESTC,$cT48821
=520  \\$aA broadside on Christopher Bullock, a short but fat watch and clock-maker in Suffolk; with a woodcut showing a portrait of Bullock, holding a wig in his left hand, mopping his brow with the other; with letterpress title and text, including information on other people of Suffolk, and a table listing market days and distances from London of towns on the road to Yarmouth, and with one vertical segment of type ornaments.
=562  \\$aCopy at British Library is cropped, affecting title and text.
=600  10$aBullock, Christopher,$d1708-
=650  \0$aGrowth disorders$vEarly works to 1800.
=655  \0$aBroadsides.$2rbgenr
=752  \\$aGreat Britain$bEngland$dIpswich
=773  0\$tCollectanea: or, A collection of advertisements and paragraphs from the newspapers, relating to various subjects.$gC.103.k.11. Volume Ii. 58$w(Uk)002296582
=852  41$aBritish Library$bHMNTS$jC.103.k.11.
=856  41$uhttp://access.bl.uk/item/viewer/ark:/81055/vdc_100022589216.0x000002#?cv=27
=985  \\$a600=new. Christopher Bullock. Dwarf, watch and clock maker in Suffolk. (1708-1755 after). Source: https://www.britishmuseum.org/collection/term/BIOG148377
=CAT  \\$aKITHERAE$b40$c20220318$lBLL01$h1203
=CAT  \\$aKITHERAE$b40$c20220328$lBLL01$h1022
=FIN  \\$aY$d20220318
=FMT  \\$a  BK
=LAS  \\$aKITHERAE$b40$c20220328$lBLL01$h1022
=LKR  \\$aANA$b002296582$lBLL01$r773$mThe Suffolk wonder: or, the pleasant, facetious, and merry dwarf of Bottesdale.$nCollectanea: or, A collection of advertisements and paragraphs from the newspapers, relating to various subjects.

