=LDR  01677cam a2200337 i 4500
=001  020522302
=003  Uk
=005  20220328102323.0
=008  220318s1787\\\\enk\\\\\\\\\\\000\0\eng\c
=040  \\$aUk$beng$cUk$erda$edcrmb
=245  00$aTwo of the most surprizing natural curiosities now existing.$bTo be seen at the White-House, near Exeter-Change, Strang, the astonishing Cambridge-shire youth, stands near eight feet high, and not 19 years of age. [...] And wonderful english dwarf, ...
=264  \1$a[London] :$b[Publisher not identified],$c[1787]
=300  \\$a1 sheet ([1] pages) ;$c18.5 x 15 cm (1/4°)
=336  \\$atext$2rdacontent
=337  \\$aunmediated$2rdamedia
=338  \\$asheet$2rdacarrier
=500  \\$aIncludes ornamental type border.
=510  4\$aESTC,$cT52114.
=650  \0$aGrowth disorders.
=655  \7$aAdvertisements.$2rbgenr
=752  \\$aGreat Britain$bEngland$dLondon.
=773  0\$tCollectanea: or, A collection of advertisements and paragraphs from the newspapers, relating to various subjects.$gC.103.k.11. Volume Ii. 63$w(Uk)002296582
=852  41$aBritish Library$bHMNTS$jC.103.k.11.
=856  41$uhttp://access.bl.uk/item/viewer/ark:/81055/vdc_100022589216.0x000002#?cv=23
=CAT  \\$aKITHERAE$b40$c20220318$lBLL01$h1516
=CAT  \\$aKITHERAE$b40$c20220328$lBLL01$h1023
=CAT  \\$aKITHERAE$b40$c20220328$lBLL01$h1023
=FIN  \\$aY$d20220328
=FMT  \\$a  BK
=LAS  \\$aKITHERAE$b40$c20220328$lBLL01$h1023
=LKR  \\$aANA$b002296582$lBLL01$r773$mTwo of the most surprizing natural curiosities now existing.$nCollectanea: or, A collection of advertisements and paragraphs from the newspapers, relating to various subjects.

