=LDR  01795ckm a2200361 i 4500
=001  020524554
=003  Uk
=005  20220328102522.0
=008  220321s1787\\\\enknnn\\\\\\\\\\\\ineng\c
=040  \\$aUk$beng$cUk$erda$edcrmb
=100  1\$aIreland, Samuel,$d-1800,$eartist.
=245  10$aKelham Whitelamb aged 22 34 inches high.$bBorn at Wisbeach in Cambridgeshire.
=264  \1$a[London?] :$b[Publisher not identified],$c1787.
=300  \\$a1 print :$betching ;$c16 x 13 cm (trimmed)
=336  \\$astill image$2rdacontent
=336  \\$atext$2rdacontent
=337  \\$aunmediated$2rdamedia
=338  \\$asheet$2rdacarrier
=500  \\$aLettered below image with the title, continuing with information about the sitter over one further line, and artist's initials and date 'SI fe: May 1787.' .
=520  \\$aKelham Whitelamb, aged twenty-two; whole length, standing very slightly to right, his left hand on top of the door of a sedan chair; after Ireland. 1787.
=600  10$aKelham, Richard.
=650  \0$aGrowth disorders.
=655  \7$aEphemera.$2rbgenr
=752  \\$aGreat Britain$bEngland$dLondon.
=773  0\$tCollectanea: or, A collection of advertisements and paragraphs from the newspapers, relating to various subjects.$gC.103.k.11.$w(Uk)002296582
=852  41$aBritish Library$bHMNTS$jC.103.k.11.
=856  41$uhttp://access.bl.uk/item/viewer/ark:/81055/vdc_100022589216.0x000002#?cv=29
=CAT  \\$aKITHERAE$b40$c20220321$lBLL01$h1052
=CAT  \\$aKITHERAE$b40$c20220328$lBLL01$h1025
=FIN  \\$aY$d20220321
=FMT  \\$a  VM
=LAS  \\$aKITHERAE$b40$c20220328$lBLL01$h1025
=LKR  \\$aANA$b002296582$lBLL01$r773$mKelham Whitelamb aged 22 34 inches high.$nCollectanea: or, A collection of advertisements and paragraphs from the newspapers, relating to various subjects.

