=LDR  01947cam a2200337 i 4500
=001  020524663
=003  Uk
=005  20220328102636.0
=008  220321s1788\\\\enk\\\\\\\\\\\000\0\eng\c
=040  \\$aUk$beng$cUk$erda$edcrmb
=245  04$aThe grand contrast! Just arrived from abroad; never in this town before.$bTo be seen at Mrs. Carr's, No.22, on the pav'd stone West-Smithfield, during the time of the fair. The asthonishing giant, or tall man.
=264  \1$a[London?] :$b[Publisher not identified],$c[1788]
=300  \\$a1 sheet ;$c15 x 13.5 cm (1/4°)
=336  \\$atext$2rdacontent
=337  \\$aunmediated$2rdamedia
=338  \\$asheet$2rdacarrier
=510  4\$aESTC,$cT35791
=520  \\$aAdvertising the exhibition of a tall man, possibly an Irishman named Fenton, and a short woman named Pinmont in London.
=562  \\$aManuscript notation by Daniel Lysons suggests this item was circulated and acquired at Bartholomew Fair, 1788. The manuscript annotation continues,"His name was [blank] Fenton, he was from the County of Tyrone in Ireland and seemed to be about fifty years of age".
=650  \0$aGrowth disorders.
=655  \7$aAdvertisements.$2rbgenr
=752  \\$aGreat Britain$bEngland$dLondon.
=773  0\$tCollectanea: or, A collection of advertisements and paragraphs from the newspapers, relating to various subjects.$gC.103.k.11. Volume Ii.$w(Uk)002296582
=852  41$aBritish Library$bHMNTS$jC.103.k.11.
=856  41$uhttp://access.bl.uk/item/viewer/ark:/81055/vdc_100022589216.0x000002#?cv=29
=CAT  \\$aKITHERAE$b40$c20220321$lBLL01$h1334
=CAT  \\$aKITHERAE$b40$c20220328$lBLL01$h1026
=FIN  \\$aY$d20220321
=FMT  \\$a  BK
=LAS  \\$aKITHERAE$b40$c20220328$lBLL01$h1026
=LKR  \\$aANA$b002296582$lBLL01$r773$mThe grand contrast! Just arrived from abroad; never in this town before.$nCollectanea: or, A collection of advertisements and paragraphs from the newspapers, relating to various subjects.

