=LDR  01792ckm a2200349 i 4500
=001  020524678
=003  Uk
=005  20230726134100.0
=008  220321q17uu\\\\stknnn\\\\\\\\\\\\ineng\c
=040  \\$aUk$beng$cUk$erda$edcrmb
=245  00$aAana Macallame borne in the Orknes of Scotland in the year of our Lord 1615.
=264  \1$a[Place of publication not identified] :$b[Publisher not identified],$c[17--?]
=300  \\$a1 print :$bline engraving ;$c18 x 12.5 cm (trimmed)
=336  \\$astill image$2rdacontent
=336  \\$atext$2rdacontent
=337  \\$aunmediated$2rdamedia
=338  \\$asheet$2rdacarrier
=500  \\$aLettering continues: "Though my portraicture seems to bee a man; my sex denyes me so; nature hath still variety; to make the world her wisdome know;"
=600  10$aMacallame, Aana,$d1615-
=650  \0$aHypertrichosis$vEarly works to 1800.
=655  \7$aEphemera.$2rbgenr
=773  0\$tCollectanea: or, A collection of advertisements and paragraphs from the newspapers, relating to various subjects.$gC.103.k.11. Volume Ii. 65$w(Uk)002296582
=852  41$aBritish Library$bHMNTS$jC.103.k.11.
=856  41$uhttp://access.bl.uk/item/viewer/ark:/81055/vdc_100022589216.0x000002#?cv=6
=985  \\$a600=new. Aana Macallame. (1615-) Woman with hypertrichosis, presented to Charles II. Source: item.
=CAT  \\$aKITHERAE$b40$c20220321$lBLL01$h1355
=CAT  \\$aKITHERAE$b40$c20220328$lBLL01$h1029
=CAT  \\$a8874$b40$c20230726$lBLL01$h1341
=FIN  \\$aY$d20220321
=FMT  \\$a  VM
=LAS  \\$a8874$b40$c20230726$lBLL01$h1341
=LKR  \\$aANA$b002296582$lBLL01$r773$mAana Macallame borne in the Orknes of Scotland in the year of our Lord 1615.$nCollectanea: or, A collection of advertisements and paragraphs from the newspapers, relating to various subjects.

