=LDR  02067ckm a2200385 i 4500
=001  020524687
=003  Uk
=005  20220328103003.0
=008  220321s1819\\\\enknnn\\\\\\\\\\\\ineng\c
=040  \\$aUk$beng$cUk$erda$edcrmb
=100  1\$aGraves, Robert,$d1798-1873,$eengraver.
=245  10$aJohn Valerius, (born without arms.).
=264  \1$a[London?] :$bR.Graves,$c[1819]
=300  \\$a1 print :$bline engraving with etching ;$c17 x 12.5 cm (trimmed)
=336  \\$astill image$2rdacontent
=336  \\$atext$2rdacontent
=337  \\$aunmediated$2rdamedia
=338  \\$asheet$2rdacarrier
=500  \\$aThis image was used as a title-plate to a set of engraving of John Valerius. Illustration to Caulfield's 'Portraits, Memoirs, and Characters of remarkable Persons, from the Reign of Edward III to the Revolution' (London: 1819); copy after a contemporary print.
=520  \\$aPortrait of John Valerius, half length in an oval frame, revealing his limbless torso; inlaid impression.
=600  10$aValerius, John,$dactive 1667-1703
=650  \0$aGrowth disorders.
=655  \7$aIllustrated works.$2rbgenr
=752  \\$aGreat Britain$bEngland$dLondon.
=773  0\$tCollectanea: or, A collection of advertisements and paragraphs from the newspapers, relating to various subjects.$gC.103.k.11. Volume Ii. 66$w(Uk)002296582
=852  41$aBritish Library$bHMNTS$jC.103.k.11.
=856  41$uhttp://access.bl.uk/item/viewer/ark:/81055/vdc_100022589216.0x000002#?cv=9
=985  \\$a600=new. John Valerius (active 1667-1703). German born man, born without arms. Source: https://www.britishmuseum.org/collection/term/BIOG181567
=CAT  \\$aKITHERAE$b40$c20220321$lBLL01$h1420
=CAT  \\$aKITHERAE$b40$c20220321$lBLL01$h1422
=CAT  \\$aKITHERAE$b40$c20220328$lBLL01$h1030
=FIN  \\$aY$d20220321
=FMT  \\$a  VM
=LAS  \\$aKITHERAE$b40$c20220328$lBLL01$h1030
=LKR  \\$aANA$b002296582$lBLL01$r773$mJohn Valerius, (born without arms.).$nCollectanea: or, A collection of advertisements and paragraphs from the newspapers, relating to various subjects.

