=LDR  01672cam a2200325 i 4500
=001  020524691
=003  Uk
=005  20220328103031.0
=008  220321q182u\\\\enk\\\\\\\\\\\000\0\eng\c
=040  \\$aUk$beng$cUk$erda$edcrmb
=245  00$aFacts! Amazing facts!$bNever exhibited in England, Mademoiselle Lefort, a first rate phænomenon, of French production, in whom the sexes are so equally blended that it is impossible to say which has the predominance.
=264  \1$a[London] :$bPrinted by C.Handy, 23, Whitcomb Street, Leicester Square,$c[1820?]
=300  \\$a1 sheet ([1] pages) ;$c19.5 x 11.5 cm (1/4°)
=336  \\$atext$2rdacontent
=337  \\$aunmediated$2rdamedia
=338  \\$asheet$2rdacarrier
=650  \0$aHirsutism.
=655  \7$aAdvertisements.$2rbgenr
=700  1\$aHandy, Charles,$dactive 1817-1829,$eprinter.
=752  \\$aGreat Britain$bEngland$dLondon.
=773  0\$tCollectanea: or, A collection of advertisements and paragraphs from the newspapers, relating to various subjects.$gC.103.k.11. Volume Ii. 67$w(Uk)002296582
=852  41$aBritish Library$bHMNTS$jC.103.k.11.
=856  41$uhttp://access.bl.uk/item/viewer/ark:/81055/vdc_100022589216.0x000002#?cv=9
=985  \\$a700=new. Charles Handy (1817-1829). Source: http://bbti.bodleian.ox.ac.uk/details/?traderid=30388
=CAT  \\$aKITHERAE$b40$c20220321$lBLL01$h1446
=CAT  \\$aKITHERAE$b40$c20220328$lBLL01$h1030
=FIN  \\$aY$d20220321
=FMT  \\$a  BK
=LAS  \\$aKITHERAE$b40$c20220328$lBLL01$h1030
=LKR  \\$aANA$b002296582$lBLL01$r773$mFacts! Amazing facts!$nCollectanea: or, A collection of advertisements and paragraphs from the newspapers, relating to various subjects.

