=LDR  02035cam a2200361 i 4500
=001  020524697
=003  Uk
=005  20220328103120.0
=008  220321s1776\\\\enk\\\\\\b\\\\000\0\eng\c
=040  \\$aUk$beng$cUk$erda$edcrmb
=245  00$aThis is to acquaint the curious in general, that there is to be seen, from two in the afternoon, till nine in the evening, without lots of time, at the Crown in High-Street, Canterbury, the surprising Warwickshire young lady, Miss Hawtin, from Coventry.
=264  \1$a[Canterbury?] :$b[Publisher not identified],$c[1776]
=300  \\$a1 sheet ;$c17 x 12 cm (1/4°)
=336  \\$atext$2rdacontent
=337  \\$aunmediated$2rdamedia
=338  \\$asheet$2rdacarrier
=500  \\$a"Miss Hawtin is just fourteen years of age, she being born Jan. 9, 1762".
=500  \\$aThe Kentish Gazette of 25 December 1776 records her presence in Canterbury.
=510  4\$aESTC,$cT50132.
=600  10$aHawtin,$cMiss,$d1762-
=650  \0$aGrowth disorders.
=655  \7$aAdvertisements.$2rbgenr
=752  \\$aGreat Britain$bEngland$dCoventry.
=773  0\$tCollectanea: or, A collection of advertisements and paragraphs from the newspapers, relating to various subjects.$gC.103.k.11. Volume Ii. 72$w(Uk)002296582
=852  41$aBritish Library$bHMNTS$jC.103.k.11.
=856  41$uhttp://access.bl.uk/item/viewer/ark:/81055/vdc_100022589216.0x000002#?cv=40
=CAT  \\$aKITHERAE$b40$c20220321$lBLL01$h1503
=CAT  \\$aKITHERAE$b40$c20220321$lBLL01$h1512
=CAT  \\$aKITHERAE$b40$c20220328$lBLL01$h1031
=FIN  \\$aY$d20220321
=FMT  \\$a  BK
=LAS  \\$aKITHERAE$b40$c20220328$lBLL01$h1031
=LKR  \\$aANA$b002296582$lBLL01$r773$mThis is to acquaint the curious in general, that there is to be seen, from two in the afternoon, till nine in the evening, without lots of time, at the Crown in High-Street, Canterbury, the surprising Warwickshire young lady, Miss Hawtin, from Coventry.$nCollectanea: or, A collection of advertisements and paragraphs from the newspapers, relating to various subjects.

