=LDR  01745cam a2200325 i 4500
=001  020524708
=003  Uk
=005  20220328103146.0
=008  220321s1784\\\\enk\\\\\\\\\\\000\0\eng\c
=040  \\$aUk$beng$cUk$erda$edcrmb
=245  02$aA young lady, from Newfoundland.$bBorn without arms, and will work with her toes, in as complete a manner as with arms and hands.
=264  \1$a[Bristol] :$b[Publisher not identified],$c[1784]
=300  \\$a1 sheet ;$c6 x 12 cm (1/12°)
=336  \\$atext$2rdacontent
=337  \\$aunmediated$2rdamedia
=338  \\$asheet$2rdacarrier
=500  \\$aDate derived from manuscript note by Daniel Lysons.
=510  4\$aESTC,$cT167629.
=562  \\$aPasted in scrapbook alongside a handmade watch paper. It is annotated with a note by Daniel Lysons which reads, "This watch paper was cut by the Newfoundland Lady at Bristol Fair". Another annotation by Lysons suggests both items were acquired at the Bristol Fair, 1784.
=650  \0$aAbnormalities, Human$vEarly works to 1800.
=655  \7$aAdvertisements.$2rbgenr
=773  0\$tCollectanea: or, A collection of advertisements and paragraphs from the newspapers, relating to various subjects.$gC.103.k.11. Volume Ii. 72$w(Uk)002296582
=852  41$aBritish Library$bHMNTS$jC.103.k.11.
=856  41$uhttp://access.bl.uk/item/viewer/ark:/81055/vdc_100022589216.0x000002#?cv=40
=CAT  \\$aKITHERAE$b40$c20220321$lBLL01$h1528
=CAT  \\$aKITHERAE$b40$c20220328$lBLL01$h1031
=FIN  \\$aY$d20220321
=FMT  \\$a  BK
=LAS  \\$aKITHERAE$b40$c20220328$lBLL01$h1031
=LKR  \\$aANA$b002296582$lBLL01$r773$mA young lady, from Newfoundland.$nCollectanea: or, A collection of advertisements and paragraphs from the newspapers, relating to various subjects.

