=LDR  02629ckm a2200397 i 4500
=001  020524825
=003  Uk
=005  20220328103221.0
=008  220322s1787\\\\enknnn\\\\\\\\\\\\ineng\c
=040  \\$aUk$beng$cUk$erda$edcrmb
=100  1\$aGrose, Francis,$d1731?-1791,$eartist,$eengraver.
=245  14$aThe portrait of Thomas Inglefield, born Decr. 18; 1769 at Hook in Hampshire without hands or legs.
=264  \1$a[London] :$bPublished for T.Inglefield,$c28 May 1787.
=300  \\$a1 print :$betching ;$c22 x 16 cm (trimmed)
=336  \\$astill image$2rdacontent
=336  \\$atext$2rdacontent
=337  \\$aunmediated$2rdamedia
=338  \\$asheet$2rdacarrier
=500  \\$aTitle from lettering in the image.
=500  \\$aLettering continues below the image 'Drawn, Etched, and given by F. Grose & S. Ireland. / Publish'd for T. Inglefield May 28; 1767' and 'These deficiencies were occasioned, (as his Mother supposes) by a fright she suffer'd whilst pregnant with him. Notwithstanding these disadvantages he has by industry acquired the Arts of Writing, and Drawing, holding and guiding the pen and pencil with the Muscles of his Cheek and Arm.'.
=520  \\$aPortrait of a young man who lacks hands and legs beyond the knee; full-length, sitting on a cushion before a lectern on the right, drawing a landscape with the pen in his mouth, using his elbow to keep the paper still, wearing a striped waistcoat; after a drawing by Ireland and Grose.
=600  14$aInglefield, Thomas,$d1769-
=650  \0$aAbnormalities, Human$vEarly works to 1800.
=655  \7$aEphemera.$2rbgenr
=700  1\$aIreland, Samuel,$d-1800,$eartist.
=752  \\$aGreat Britain$bEngland$dLondon.
=773  0\$tCollectanea: or, A collection of advertisements and paragraphs from the newspapers, relating to various subjects.$gC.103.k.11. Volume Ii. 73$w(Uk)002296582
=852  41$aBritish Library$bHMNTS$jC.103.k.11.
=856  41$uhttp://access.bl.uk/item/viewer/ark:/81055/vdc_100022589216.0x000002#?cv=57
=985  \\$a600=new. Thomas Inglefield (1769-). Artist. Born without arms or legs, at Hook, Hampshire. Sources: item and https://www.britishmuseum.org/collection/term/BIOG32567.
=CAT  \\$aKITHERAE$b40$c20220322$lBLL01$h0930
=CAT  \\$aKITHERAE$b40$c20220328$lBLL01$h1032
=FIN  \\$aY$d20220322
=FMT  \\$a  VM
=LAS  \\$aKITHERAE$b40$c20220328$lBLL01$h1032
=LKR  \\$aANA$b002296582$lBLL01$r773$mThe portrait of Thomas Inglefield, born Decr. 18; 1769 at Hook in Hampshire without hands or legs.$nCollectanea: or, A collection of advertisements and paragraphs from the newspapers, relating to various subjects.

