=LDR  02893ckm a2200397 i 4500
=001  020524833
=003  Uk
=005  20220328103243.0
=008  220322s1787\\\\enknnn\\\\\\\\\\\\ineng\c
=040  \\$aUk$beng$cUk$erda$edcrmb
=100  1\$aInglefield, Thomas$d1769-,$eengraver$cartist.
=245  14$aThe portrait of Thomas Inglefield etched by himself from a drawing made by Mr. Riley.
=264  \1$a[London] :$bPublish'd as the Act directs,$cDecr. 1787.
=300  \\$a1 print :$betching ;$c27 x 17 cm (trimmed)
=336  \\$atext$2rdacontent
=337  \\$aunmediated$2rdamedia
=338  \\$avolume$2rdacarrier
=500  \\$aIdentification of the artist 'Riley' as Charles Reuben Ryley is speculative.
=500  \\$aTitle from lettering below the image.
=500  \\$aThe lettering continues: "This extraordinary young man was born Decr. 18. 1769, at Hook, in Hampshire, without arms or legs, as here delineated, occasioned as his mother supposes by a fright she suffered when pregnant with him. Notwithstanding these disadvantages he has by industry acquired the arts of writing and drawing, holding his pencil between the stump of his left arm and his cheek & guiding it with the muscles of his mouth. In order to assist these extraordinary efforts of ingenuity, this drawing was presented to him by Mr. Robertson, & Mr. Fittler kindly superintended the etching. This print is sold by T. Inglefield at no. 8, Chapel Street, Tottenham Court Road, where ladies & gentlemen may see him & many more of his performances.".
=520  \\$aSelf portrait of a young man who lacks hands and legs beyond the knee; full-length, sitting on a cushion before a lectern on the right, drawing a tree with a pen held against his mouth using his left elbow; after a drawing by Riley; with scratched publication line.
=600  10$aInglefield, Thomas,$d1769-
=650  \0$aAbnormalities, Human$vEarly works to 1800.
=655  \7$aEphemera.$2rbgenr
=700  1\$aRyley, Charles Reuben,$d1752?-1798,$eartist.
=752  \\$aGreat Britain$bEngland$dLondon.
=773  0\$tCollectanea: or, A collection of advertisements and paragraphs from the newspapers, relating to various subjects.$gC.103.k.11. Volume Ii. 74$w(Uk)002296582
=852  41$aBritish Library$bHMNTS$jC.103.k.11.
=856  41$uhttp://access.bl.uk/item/viewer/ark:/81055/vdc_100022589216.0x000002#?cv=38
=985  \\$a100=new. Thomas Inglefield (1769-). Artist. Born without legs or arms. Source: item.
=CAT  \\$aKITHERAE$b40$c20220322$lBLL01$h0947
=CAT  \\$aKITHERAE$b40$c20220328$lBLL01$h1032
=FIN  \\$aY$d20220322
=FMT  \\$a  VM
=LAS  \\$aKITHERAE$b40$c20220328$lBLL01$h1032
=LKR  \\$aANA$b002296582$lBLL01$r773$mThe portrait of Thomas Inglefield etched by himself from a drawing made by Mr. Riley.$nCollectanea: or, A collection of advertisements and paragraphs from the newspapers, relating to various subjects.

