=LDR  02053cam a2200349 i 4500
=001  020524837
=003  Uk
=005  20220328103320.0
=008  220322s1788\\\\enk\\\\\\\\\\\000\0\eng\c
=040  \\$aUk$beng$cUk$erda$edcrmb
=245  00$aTo all who are admirers of the extraordinary productions of nature.$bJust arrived in this town, and may be seen by any number of persons, in a commodious caravan, from eleven o'clock in the morning 'till nine in the evening, the surprising young lady, from Newfoundland, born without arms, and will work with her toes in as complete a manner as with arms or hands; also cuts watch papers, open watches, and puts the papers in.
=264  \1$a[London] :$b[Publisher not identified],$c[1788]
=300  \\$a1 sheet ([1] pages) ;$c9 x 15 cm (1/8⁰)
=336  \\$atext$2rdacontent
=337  \\$aunmediated$2rdamedia
=338  \\$asheet$2rdacarrier
=500  \\$aDate derived from manuscript annotation by Daniel Lysons in British Library copy.
=510  4\$aESTC,$cT51062.
=562  \\$aManuscript note by Daniel Lysons suggests this item was circulated and acquired at Bartholomew Fair, 1788.
=650  \0$aAbnormalities, Human$vEarly works to 1800.
=655  \7$aAdvertisements.$2rbgenr
=752  \\$aGreat Britain$bEngland$dLondon.
=773  0\$tCollectanea: or, A collection of advertisements and paragraphs from the newspapers, relating to various subjects.$gC.103.k.11. Volume Ii. 74$w(Uk)002296582
=852  41$aBritish Library$bHMNTS$jC.103.k.11.
=856  41$uhttp://access.bl.uk/item/viewer/ark:/81055/vdc_100022589216.0x000002#?cv=38
=CAT  \\$aKITHERAE$b40$c20220322$lBLL01$h0959
=CAT  \\$aKITHERAE$b40$c20220322$lBLL01$h0959
=CAT  \\$aKITHERAE$b40$c20220328$lBLL01$h1033
=FIN  \\$aY$d20220322
=FMT  \\$a  BK
=LAS  \\$aKITHERAE$b40$c20220328$lBLL01$h1033
=LKR  \\$aANA$b002296582$lBLL01$r773$mTo all who are admirers of the extraordinary productions of nature.$nCollectanea: or, A collection of advertisements and paragraphs from the newspapers, relating to various subjects.

