=LDR  01905cam a2200349 i 4500
=001  020524860
=003  Uk
=005  20220328103346.0
=008  220322s1790\\\\enk\\\\\\\\\\\000\0\eng\c
=040  \\$aUk$beng$cUk$erda$edcrmb
=245  00$aTo all who are admirers of the extraordinary productions of nature and lovers of ingenuity.$bJust arrived in this town, and may be seen by any number of persons, in a commodious caravan, from eleven in the morning till nine in the evening; first, Mrs. Morrell, born without arms! [...]
=264  \1$a[Plymouth] :$bHoxland, printer, Plymouth-dock,$c[1790]
=300  \\$a1 sheet ([1] pages) ;$c22.5 x 16 cm (1/2°)
=336  \\$atext$2rdacontent
=337  \\$aunmediated$2rdamedia
=338  \\$asheet$2rdacarrier
=500  \\$aDate derived from manuscript note by Daniel Lysons on British Library copy.
=510  4\$aESTC,$cT51061.
=562  \\$aManuscript note by Daniel Lysons suggests this item was circulated and acquired at Oxford Street, 1790.
=650  \0$aAbnormalities, Human
=655  \7$aAdvertisements.$2rbgenr
=700  1\$aHoxland, Edward,$eprinter.
=752  \\$aGreat Britain$bEngland$dLondon.
=773  0\$tCollectanea: or, A collection of advertisements and paragraphs from the newspapers, relating to various subjects.$gC.103.k.11. Volume Ii. 75$w(Uk)002296582
=852  41$aBritish Library$bHMNTS$jC.103.k.11.
=856  41$uhttp://access.bl.uk/item/viewer/ark:/81055/vdc_100022589216.0x000002#?cv=45
=CAT  \\$aKITHERAE$b40$c20220322$lBLL01$h1055
=CAT  \\$aKITHERAE$b40$c20220328$lBLL01$h1033
=FIN  \\$aY$d20220322
=FMT  \\$a  BK
=LAS  \\$aKITHERAE$b40$c20220328$lBLL01$h1033
=LKR  \\$aANA$b002296582$lBLL01$r773$mTo all who are admirers of the extraordinary productions of nature and lovers of ingenuity.$nCollectanea: or, A collection of advertisements and paragraphs from the newspapers, relating to various subjects.

